4694 6114
1126 573 1165 634 51

300 736 416 802 -uisera
439 735 636 804 occidentem
659 738 757 806 solem
781 739 967 818 credebant,
991 739 1083 806 uelut
1107 739 1269 824 bachylus
1291 762 1343 823 ap.
1371 741 1566 807 Strabonem
1591 761 1621 823 p.
1646 737 1687 802 33
1711 737 1743 803 C.
1785 741 1847 808 Sed
1866 742 1974 826 plnres

312 837 613 924 Graecorum—sine
636 841 735 908 dubio
761 865 829 908 rem
853 843 887 908 in
910 843 1015 908 medio
1038 843 1278 927 relinquebant,
1302 851 1339 908 ut
1362 843 1447 910 idom
1472 843 1705 928 profiterentur
1728 851 1828 928 atque
1851 845 1906 911 ille
1929 845 1972 910 de

314 937 452 1023 Odyssia
485 945 515 1021 (κ
540 943 628 1022 191);
652 935 678 1004 ὦ
700 938 807 1026 φίλοι,
830 937 868 1006 ori
890 941 951 1028 γὰρ
973 938 1068 1023 ἴδμεν
1095 939 1163 1030 ὅπη
1187 935 1295 1026 ἠέλιος
1316 939 1559 1029 φαεσίμβροτος
1581 933 1641 1006 elc'
1667 939 1731 1006 sind
1752 949 1861 1027 γαῖαν.
1907 944 1973 1010 Nec

202 1075 208 1084 ·
313 1045 421 1104 amen
446 1041 565 1105 desunt
587 1061 671 1123 quae
694 1044 840 1110 indicent
863 1045 1016 1112 Romanis
1039 1049 1140 1128 atque
1163 1043 1312 1110 Etruscis
1334 1065 1424 1110 auam
1438 1047 1651 1128 acpropriam
1676 1045 1715 1110 de
1739 1046 1799 1110 hac
1822 1067 1856 1112 re
1873 1047 1973 1112 fuisse

314 1141 505 1222 opinionem.
550 1141 595 1206 Et
627 1145 764 1210 inferum
800 1145 878 1211 solis
913 1149 1053 1231 spatium
1088 1167 1146 1230 per
1179 1145 1452 1229 septentrionales
1479 1155 1589 1230 partes
1617 1147 1728 1212 mundi
1753 1147 1836 1220 duci,
1860 1170 1917 1231 per
1940 1169 1973 1213 se

314 1249 564 1310 consentaneum
602 1245 673 1326 luit,
712 1248 799 1331 quod
829 1249 881 1315 ‘sol
931 1249 983 1316 uel
1020 1251 1129 1314 oriens
1172 1247 1224 1312 uel
1261 1249 1411 1314 occidens
1448 1270 1511 1332 quo
1548 1251 1652 1314 serius
1687 1247 1806 1315 occidit
1844 1267 2000 1332 quoque*

202 1349 207 1358 '
317 1348 479 1410 maturius
522 1349 638 1428 oritur,
683 1370 720 1416 eo
763 1353 895 1436 propior
937 1351 1069 1418 uidetur
1113 1371 1181 1416 esse
1226 1353 1521 1433 septemtrionibus.
1585 1349 1698 1435 Neque
1741 1351 1825 1416 enim
1870 1353 1972 1416 circu·

315 1448 361 1513 los
395 1451 664 1533 aequinoctialem
697 1453 900 1519 solstitialem
935 1453 1113 1522 brumalem
1147 1454 1233 1536 ipsos
1265 1453 1453 1536 inaequales
1488 1467 1546 1518 aut
1581 1456 1720 1534 impares
1758 1451 1874 1516 animis
1915 1451 1972 1518 fin-

314 1549 436 1632 gebant
469 1573 541 1616 cum
576 1553 802 1620 diuersitatem
835 1561 927 1622 ortus
959 1563 1059 1640 atque
1087 1576 1219 1620 occasus
1242 1559 1401 1620 notarent.
1447 1553 1606 1618 Nimirum
1631 1553 1685 1618 hic
1709 1574 1771 1618 non
1795 1554 1909 1635 loquor
1932 1555 1972 1618 de

314 1654 485 1720 subtiliore
507 1655 657 1722 doctrina
679 1677 789 1723 eorum
813 1661 867 1742 qui
893 1659 955 1724 diei
979 1681 1017 1724 ac
1040 1660 1142 1724 noctis
1171 1657 1426 1722 uicissitudinem
1450 1677 1487 1722 eo
1510 1657 1597 1720 nasci
1621 1655 1783 1738 putabant
1805 1655 1890 1738 quod
1915 1655 1971 1732 sol,

316 1777 388 1820 cum
421 1777 562 1822 annuum
586 1764 620 1822 et
641 1757 805 1842 obliquum
830 1781 957 1826 cursum
982 1783 1040 1845 per
1061 1761 1234 1826 Zodiacum
1259 1757 1439 1832 conficeret,
1464 1757 1671 1822 conuersioue
1694 1757 1833 1821 rotantis
1857 1758 1970 1822 murrdi

315 1859 474 1942 sphaerae
500 1859 618 1926 cotidie
640 1861 914 1946 circumferretur,
938 1864 977 1928 da
1001 1885 1066 1948 qua
1088 1875 1123 1928 re'
1146 1861 1370 1928 disseruerunt
1393 1881 1464 1924 cum
1488 1859 1543 1923 alii
1570 1865 1637 1924 tum
1662 1856 1781 1923 Strabo
1803 1859 1881 1942 Bp
1913 1861 1972 1924 110

316 1957 340 2024 (l
373 1965 406 2025 et
439 1961 564 2027 Plinius
599 1961 638 2028 ll.
672 1961 711 2026 N.
744 1961 781 2026 II
816 1963 866 2027 3.6
901 1969 934 2028 et
967 1967 1038 2029 ala
1073 1971 1106 2030 et
1138 1963 1333 2031 Censorinus
1367 1963 1406 2028 de
1440 1961 1491 2027 die
1521 1967 1586 2026 nat.
1610 1983 1636 2025 c.
1660 1963 1712 2026 8.4
1734 1981 1804 2044 sqq.
1841 1959 1969 2026 Etenim

316 2064 542 2146 antiquissima
564 2064 622 2130 illa
645 2065 816 2150 disciplina
839 2067 878 2132 de
902 2069 991 2134 caelo
1014 2067 1208 2134 obseruandi
1233 2065 1437 2133 otmundum
1463 2065 1657 2146 regionatim
1681 2061 1877 2128 discribendi
1894 2069 1971 2129 ante

317 2173 397 2230 nata
429 2175 478 2230 est
511 2188 606 2250 quam
631 2167 766 2234 Romani
801 2172 964 2254 ceterique
988 2173 1112 2238 mediae
1145 2171 1264 2237 Italiae
1286 2169 1396 2255 populi
1419 2167 1600 2234 eruditione
1629 2172 1727 2249 atque
1750 2165 1879 2230 artibus
1902 2166 1970 2232 Ma·

316 2289 399 2351 gnae
432 2267 589 2335 Graeciae
616 2277 692 2335 sunt
714 2272 840 2337 imbuti.
881 2273 989 2340 Primo
1012 2277 1133 2360 species
1156 2273 1232 2339 solis
1255 2276 1356 2356 ipsius
1378 2272 1495 2334 itinere
1518 2267 1664 2334 solitario
1686 2269 1792 2350 spatia
1816 2269 1972 2334 immensa

317 2371 396 2436 caeli
432 2371 663 2455 perlustrantia
696 2374 820 2438 animos
854 2377 993 2440 maxime
1026 2383 1172 2442 moueret
1198 2396 1326 2442 necessa
1349 2379 1431 2440 erat.
1476 2371 1571 2437 Notio
1596 2371 1705 2436 mundi
1731 2371 1894 2435 uertentis
1921 2377 1971 2435 est

317 2473 404 2554 apud
431 2494 540 2538 omnes
567 2473 702 2556 populos
726 2478 894 2557 posterior.
939 2472 1056 2544 Postea
1079 2501 1155 2544 uero
1177 2501 1249 2544 cum
1273 2477 1409 2544 Romani
1431 2481 1531 2558 atque
1555 2473 1684 2538 Etrusci
1708 2471 1891 2538 doctrinam
1915 2495 1970 2539 no·

317 2595 392 2639 uam
426 2580 460 2640 et
493 2573 694 2640 subtiliorem
729 2575 768 2640 dc
801 2577 899 2644 rebus
922 2581 1117 2647 caelestibus
1141 2581 1367 2664 percepissent,
1392 2583 1499 2642 tamen
1523 2596 1588 2658 qua
1611 2581 1704 2639 eraut
1727 2578 1912 2641 constantis
1934 2597 1972 2642 ac

316 2677 483 2761 religione,
515 2678 598 2743 nihil
631 2678 739 2744 hercle
776 2685 946 2746 mutarunt
979 2683 1117 2766 priscam
1152 2681 1356 2766 disciplinam
1391 2677 1582 2761 auguralem
1610 2697 1667 2742 nec
1690 2675 1801 2758 templi
1825 2677 1972 2760 regiones

318 2786 499 2853 mouerunt,
533 2779 619 2861 quod
653 2785 738 2846 esset
761 2781 859 2848 nelos.
904 2781 986 2848 Nam
1010 2782 1248 2848 Chaldaeorum
1271 2787 1305 2847 et
1328 2779 1513 2845 aduenticia
1536 2775 1685 2842 doctriua
1706 2781 1756 2840 est
1778 2775 1818 2841 de
1840 2776 1889 2840 dis
1913 2799 1970 2860 per

317 2880 484 2944 duodecim
519 2882 623 2964 sigma
655 2881 780 2956 diuisis,
804 2903 901 2966 quam
924 2884 1074 2966 exposuit
1097 2881 1229 2948 Seruius
1252 2904 1327 2948 anu.
1351 2881 1391 2947 ad
1417 2881 1514 2960 Verg.
1537 2878 1654 2960 Georg.
1677 2877 1694 2940 I
1718 2875 1767 2940 33.
1812 2875 1856 2941 Et
1877 2877 1909 2942 di
1933 2899 1970 2943 eo

318 2983 386 3048 loco
420 2984 576 3048 nominati
611 2989 687 3048 sunt
719 2981 834 3049 Graeci
869 3005 978 3050 omnes
1005 2992 1063 3050 ant
1095 3005 1280 3050 communes
1307 2985 1459 3049 Romanis
1482 3003 1554 3045 cum
1577 2979 1704 3046 Grecis.
1749 2977 1811 3044 Sed
1835 2978 1969 3044 Enniani

317 3087 381 3150 uiri
416 3086 531 3150 harum
554 3107 663 3150 rerum
687 3087 793 3169 periti,
816 3109 888 3152 curn
911 3109 1019 3154 rerum
1043 3089 1187 3172 ipsarum
1211 3091 1444 3153 conseruerant
1466 3083 1709 3166 antiquitatem,
1733 3085 1842 3144 tamen
1865 3082 1890 3144 si
1915 3083 1970 3164 qui

317 3187 400 3252 forte
438 3209 553 3253 causas
591 3188 836 3270 inuestigabant
869 3191 1076 3272 rationesque
1109 3190 1336 3272 exquirebant,
1370 3186 1529 3271 quaedam
1564 3185 1633 3250 sine
1670 3181 1768 3248 dnbio
1795 3182 1851 3248 alii
1875 3182 1971 3248 aliter

317 3290 626 3371 interpretabanter.
674 3287 777 3354 Varro
814 3289 953 3374 quidem,
992 3291 1077 3374 quod
1115 3297 1207 3356 ortus
1244 3295 1343 3373 atque
1380 3309 1511 3353 occasus
1547 3306 1660 3351 eorum
1697 3305 1780 3367 quae
1814 3283 1847 3348 in
1883 3284 1972 3351 caelo

318 3399 534 3464 mouerentur,
558 3394 766 3457 conuersione
789 3393 901 3460 mundi
925 3396 1085 3460 communi
1109 3387 1298 3459 uiderentur
1319 3391 1486 3470 contineri,
1511 3387 1636 3454 Ianum,
1660 3387 1778 3470 quippe
1803 3389 1857 3468 qui
1882 3393 1972 3452 ortus

316 3495 389 3561 illos
411 3502 509 3578 atqua
532 3515 664 3560 occasus
687 3496 896 3578 patefaceret,
920 3499 1098 3563 nominauit
1121 3497 1286 3562 mundum.
1364 3523 1370 3533 ·

402 3595 463 3662 Sed
497 3619 538 3662 ex
572 3597 622 3662 bis
656 3598 803 3663 omnibus
829 3621 913 3682 quae
936 3599 1094 3666 hactenus
1116 3599 1285 3682 disputata
1308 3601 1391 3672 sunt,
1417 3595 1476 3660 hoc
1500 3597 1628 3657 tantum
1652 3590 1854 3673 intellegitur
1877 3591 1972 3656 facilc

316 3701 386 3766 fieri
410 3702 551 3782 potuisse
574 3705 610 3764 ut
633 3701 849 3783 antiquissimi
873 3701 1004 3766 Etrusci
1026 3708 1060 3766 et
1083 3701 1219 3765 Romani
1243 3701 1424 3784 opinionem
1448 3691 1525 3762 solis
1549 3699 1741 3758 nocturnum
1765 3693 1827 3758 iter
1842 3692 1884 3758 ad
1901 3714 1971 3776 sep-

317 3803 494 3868 tentriones
528 3801 714 3866 inclinantis
748 3803 908 3868 mentibus
942 3805 1156 3886 conciperent.
1202 3801 1296 3866 Nunc
1323 3821 1400 3866 uero
1423 3803 1552 3882 reperto
1575 3795 1616 3860 ad
1640 3795 1840 3860 Placentiam
1865 3795 1970 3861 iecore

317 3905 372 3971 illo
384 3925 480 3970 aereo
495 3941 537 3950 -—
552 3905 644 3968 cuins
656 3904 809 3987 ambages
825 3905 950 3972 Deacka
972 3905 1043 3970 Etr.
1068 3905 1197 3971 Forscb.
1214 3903 1259 3968 IV
1277 3905 1358 3967 mira
1374 3901 1554 3984 sagacitate
1572 3897 1749 3980 explicauit
1764 3933 1805 3944 -
1820 3901 1908 3962 certo
1925 3903 1970 3962 te·

317 4007 468 4072 stimonio
499 4003 708 4070 confirmatur
741 4025 807 4070 rem
842 4007 890 4070 ita
912 4028 945 4072 se
968 4009 1129 4074 habuisse.
1172 4006 1211 4072 In
1234 4028 1272 4072 eo
1294 4006 1378 4071 enim
1403 4007 1608 4067 monumento
1631 4000 1695 4065 duo
1718 3999 1871 4083 descripti
1895 4007 1971 4064 sunt

316 4109 422 4175 orbes:
458 4109 582 4190 postica
616 4113 710 4190 parte
737 4108 787 4171 bis
813 4109 921 4174 uerbis
945 4111 1041 4176 usila
1063 4111 1144 4194 (sol)
1166 4115 1199 4175 et
1221 4110 1297 4174 tivs
1319 4107 1420 4190 (luna)
1444 4104 1608 4168 indicatur
1630 4101 1769 4166 alterum
1793 4121 1862 4166 esse
1884 4101 1970 4178 solis,

317 4211 455 4276 alterurn
485 4209 593 4273 lunae.
638 4207 720 4274 Solis
747 4215 854 4274 autem
878 4210 965 4274 orbis
988 4213 1032 4277 ibi
1056 4211 1238 4294 descriptus
1260 4209 1372 4274 est'ab
1395 4228 1510 4272 occasu
1535 4204 1675 4271 brumali
1700 4224 1756 4286 per
1779 4203 1969 4284 septentrio-

317 4337 372 4379 nes
399 4313 441 4378 ad
468 4319 617 4377 exortum
642 4311 833 4390 brumalem,
856 4319 893 4376 ut
915 4312 1047 4396 expleat
1069 4313 1211 4378 ambitus
1235 4311 1350 4376 solaris
1373 4308 1527 4374 cotidiani
1552 4306 1692 4391 214113,
1716 4304 1875 4388 reliquum
1901 4327 1972 4390 spa-

317 4418 409 4492 tium,
443 4413 528 4496 quod
553 4415 598 4478 ibi
622 4435 685 4477 non
708 4418 758 4478 est
780 4413 986 4498 descriptum,
1009 4417 1095 4479 inter
1117 4419 1263 4480 exortum
1290 4411 1469 4478 brumalem
1493 4416 1526 4475 et
1548 4428 1694 4474 occasum
1719 4405 1897 4471 brumalem
1921 4414 1972 4472 est

320 4521 378 4582 115
393 4518 458 4604 ¹12⁰.
502 4517 622 4582 Romae
645 4521 765 4593 autem,
789 4515 873 4600 quod
897 4516 1040 4582 ostendit
1063 4515 1188 4581 Deeclra
1210 4514 1330 4582 collata
1350 4513 1464 4578 tabula
1479 4509 1697 4576 astronomica
1712 4531 1731 4572 a
1747 4507 1857 4574 Thiele
1873 4508 1972 4586 facta,

317 4639 401 4702 quae
434 4618 562 4684 adiecta
595 4623 644 4683 est
677 4616 762 4683 libro
797 4618 836 4684 de
859 4617 991 4702 Templo
1015 4617 1142 4683 Nisseni
1166 4640 1196 4701 p.
1219 4617 1290 4700 244,
1315 4615 1455 4689 circulus
1479 4613 1630 4678 minimus
1654 4609 1813 4676 brumalis
1835 4610 1898 4677 diei
1923 4619 1972 4675 est

320 4721 392 4785 115⁰
428 4721 485 4796 46¹,
518 4721 685 4804 noctisque
718 4721 827 4786 eodem
863 4726 1008 4804 tempore
1042 4721 1118 4783 244⁰
1153 4722 1213 4783 14¹.
1258 4719 1447 4802 Descriptus
1481 4721 1530 4780 est
1564 4715 1666 4796 igitur
1698 4714 1733 4777 in
1768 4712 1824 4778 illo
1861 4733 1972 4778 monu-

318 4828 424 4888 mento
447 4823 473 4885 is
495 4822 582 4886 orbis
605 4842 700 4904 quein
725 4822 821 4886 solem
840 4827 935 4886 noctu
959 4844 988 4887 a.
1011 4822 1040 4886 d.
1065 4821 1113 4886 XI
1130 4821 1202 4886 Kal.
1219 4821 1288 4886 Ian.
1313 4820 1354 4886 ab
1377 4841 1489 4884 occasu
1514 4839 1571 4900 per
1593 4817 1840 4900 septemtriones
1856 4815 1897 4878 ad
1921 4835 1972 4879 or·

317 4933 384 4990 tum
420 4943 609 5008 percurrere
643 4923 777 4986 Romani
803 4921 849 4986 illi
874 4930 907 4988 et
930 4923 1024 4987 Tusci
1050 4923 1278 5006 opinabantur.
1323 4921 1477 4998 Quoniam
1502 4925 1609 4983 autern
1634 4919 1889 4984 demonstratum
1924 4923 1974 4981 est

318 5025 478 5091 Romanos
511 5045 531 5088 a
565 5023 671 5088 media
706 5029 797 5087 nocte
831 5023 895 5088 diei
930 5027 1058 5090 initium
1092 5023 1231 5097 duxisse,
1267 5027 1347 5088 satis
1375 5030 1512 5106 apparet
1535 5043 1618 5104 quae
1641 5024 1683 5086 sit
1705 5019 1789 5084 ratio
1823 5021 1892 5084 eius
1926 5021 1971 5082 rei
