4694 6114
1201 589 1313 658 24·

389 772 452 830 not.
476 766 566 842 Aru,
584 764 744 829 racemus
766 763 928 828 Pacuuius
942 761 1091 842 Pacuius,
1105 760 1273 834 Vitrbuius
1292 759 1460 824 Vitrbuius
1475 759 1637 838 Vitrbius3
1653 759 1798 842 itemque
1813 758 1887 824 Osci
1903 760 2045 826 etiuvam

389 872 439 933 63.
465 874 479 933 1
505 869 559 932 Zv.
582 867 609 929 Ι.
633 867 680 946 0.,
704 870 826 932 eituam
849 867 884 930 T.
911 866 944 929 Β.
970 867 1023 942 19;
1047 864 1198 929 similiter
1223 862 1337 927 Umbri
1360 861 1555 944 scripturam
1579 861 1766 926 uariarunt:
1789 866 1867 926 tuva
1890 867 1949 925 tua
1969 860 2047 926 luva

389 973 466 1050 bue;
490 991 594 1054 neque
617 971 702 1036 enim
724 969 861 1034 dubium
884 975 932 1032 est
954 969 1033 1050 quin
1056 968 1249 1049 scripturae,
1273 984 1337 1028 non
1361 963 1449 1026 uocis
1473 964 1613 1027 varietas
1636 967 1695 1038 est,
1718 963 1745 1026 si
1767 984 1833 1027 una
1850 962 1875 1027 V
1893 963 2047 1028 scribitur

388 1097 448 1159 pro
481 1074 623 1150 duabus;
658 1071 746 1154 quod
779 1070 918 1134 maxime
952 1075 1091 1151 apparet
1118 1069 1145 1132 si
1171 1069 1203 1131 in
1226 1087 1289 1130 uno
1312 1064 1410 1128 titulo
1433 1070 1483 1130 est
1506 1067 1585 1130 baec
1608 1066 1761 1146 uarietas,
1786 1070 1823 1130 ut
1844 1064 1922 1130 CIL.
1947 1065 1962 1129 I
1988 1069 2047 1132 199

388 1175 487 1240 flouio
520 1173 619 1238 fluuio
645 1171 731 1237 flnio.
776 1171 834 1236 Sin
857 1170 1024 1253 praecedit
1046 1175 1106 1234 aut
1126 1169 1277 1258 sequitur
1299 1165 1335 1244 O,
1359 1168 1385 1230 si
1408 1167 1435 1230 V
1460 1189 1637 1232 consonans
1660 1176 1711 1232 est
1732 1169 1852 1233 omissa
1874 1170 2048 1252 scriptura,

388 1279 496 1361 potius
530 1276 757 1352 dubitandum,
791 1281 901 1338 utrum
935 1273 977 1336 ad
1004 1272 1092 1337 uocis
1115 1271 1287 1336 discrimen
1311 1271 1476 1352 pertineat
1500 1291 1609 1348 arcane,
1633 1275 1671 1332 ut
1694 1270 1799 1351 nqicia
1821 1269 1899 1334 CIL.
1924 1270 1951 1332 I.
1976 1273 2048 1348 819,

390 1401 486 1446 noum
520 1377 677 1444 Horatius
710 1374 745 1438 C.
780 1375 804 1438 1.
840 1375 889 1438 31.
925 1377 943 1438 2
970 1373 1093 1450 Keller,
1115 1372 1294 1438 Noembres
1316 1369 1395 1435 CIL.
1419 1371 1433 1434 l
1456 1371 1532 1450 831;
1556 1373 1633 1450 8843
1656 1371 1733 1449 9093
1756 1373 1818 1436 924
1840 1371 2049 1458 Nuempres)

389 1481 417 1544 1.
440 1482 512 1546 884.
556 1479 652 1544 Certe
675 1481 707 1542 iu
732 1478 782 1542 his
806 1477 938 1560 quidem
962 1475 1129 1541 uocabulis
1153 1495 1237 1558 quae
1260 1473 1426 1538 nominaui
1449 1471 1492 1536 ad
1515 1473 1734 1554 quantitatem
1762 1472 1907 1558 syllabae
1930 1475 2049 1539 omissa

389 1580 592 1648 seminocelis
615 1579 696 1644 nibil
720 1579 872 1660 pertinet.

475 1683 641 1750 Postremo
665 1681 750 1763 quod
775 1681 888 1757 statui,
911 1701 931 1744 a
953 1681 1089 1744 abami-
1114 1699 1182 1744 esse
1206 1680 1330 1752 comi,
1353 1679 1387 1742 id
1411 1679 1583 1743 conuenire
1605 1699 1678 1742 cum
1699 1699 1786 1743 more
1802 1679 1969 1746 sermonis.
1985 1700 2048 1744 nou

390 1795 481 1869 opus·
504 1791 554 1849 est
587 1784 790 1865 argumentis
824 1781 1044 1866 exemplisque
1078 1783 1311 1856 demonstrare,
1334 1781 1528 1865 praesertim
1563 1801 1634 1845 cum
1669 1781 1710 1845 de
1744 1781 1806 1846 hac
1839 1803 1874 1846 re
1897 1789 2050 1847 accurate

390 1887 611 1972 disputauerit
644 1887 831 1951 Lachmann
866 1892 1035 1951 comment.
1064 1885 1157 1949 Luor.
1181 1907 1211 1968 p.
1238 1887 1297 1950 134
1319 1906 1367 1968 sq.
1414 1884 1467 1962 At,
1490 1886 1517 1948 si
1540 1883 1703 1949 credimus
1725 1884 1845 1948 Iordan
1870 1891 1902 1948 et
1924 1883 2053 1950 Ostholi

390 1997 423 2056 et
457 1989 562 2060 Pauli,
596 1989 694 2052 camis
721 1987 844 2051 dictum
872 1993 922 2052 est
944 2007 964 2050 a
986 1988 1111 2056 cosmi,
1136 1987 1221 2069 quod
1245 1995 1294 2053 est
1317 1988 1351 2052 iu
1374 1987 1473 2052 titulo
1495 1986 1643 2051 ”Dueni”.
1687 1986 1780 2064 Quod
1803 1989 1829 2052 si
1852 2009 1967 2053 uerum
1990 1993 2048 2068 est,

390 2093 476 2175 quod
510 2111 602 2174 posse
634 2111 749 2155 uerum
782 2111 851 2155 esse
886 2111 948 2154 non
985 2089 1184 2170 negauerim,
1215 2091 1367 2154 nimirum
1401 2089 1434 2151 in
1468 2088 1612 2153 carmine
1647 2087 1767 2154 Saliari
1795 2091 1893 2154 scribi
1920 2095 2050 2173 oportet

392 2197 423 2260 11.
447 2195 478 2259 l.:
513 2192 648 2258 cosmis
681 2211 719 2255 es
752 2189 899 2256 laneus.
943 2189 1006 2256 Sed
1039 2213 1131 2256 nemo
1155 2191 1263 2256 adhuc
1296 2213 1406 2256 eorum
1442 2191 1499 2271 qui
1533 2190 1669 2256 'cnemis’
1703 2213 1762 2275 pro
1790 2192 1909 2258 'comis'
1937 2194 1970 2258 in
1998 2193 2049 2256 tit.

393 2297 498 2363 Dueni
533 2297 673 2379 positum
708 2314 777 2358 esse
810 2293 932 2368 dicunt,
961 2315 999 2360 ee
1022 2294 1293 2377 interpretatione
1315 2294 1510 2358 sententiam
1533 2292 1736 2375 probabilem
1759 2293 1846 2358 fecit.
1890 2295 1980 2359 Dura
2002 2299 2052 2360 est

393 2402 477 2466 enim
500 2398 708 2482 aposiopesis,
735 2416 833 2478 quam
855 2397 967 2461 durior
990 2399 1088 2462 etiam
1112 2399 1233 2481 exeipit
1256 2397 1381 2480 ellipsis
1404 2417 1456 2482 ap.
1480 2395 1575 2461 Pauli
1598 2395 1682 2460 altit.
1707 2395 1798 2462 Stud.
1820 2397 1838 2459 I
1861 2399 1916 2478 46;
1939 2397 1996 2462 ”ne
2019 2402 2052 2461 te

393 2504 482 2568 intro
515 2503 569 2584 (sc.
604 2500 726 2580 mittet)
749 2537 790 2544 —
813 2501 911 2564 comis
944 2501 1039 2583 uirgo
1072 2501 1117 2564 sit
1149 2500 1207 2584 (sc.
1236 2501 1287 2564 cui
1317 2509 1349 2565 te
1371 2497 1526 2577 mitt-at)”;
1549 2497 1631 2562 illud
1656 2519 1732 2564 uero
1754 2499 1929 2563 ridiculum
1952 2506 2051 2581 etque

394 2604 572 2670 absurdum
596 2600 682 2684 qnod
705 2601 812 2684 placet
835 2601 976 2667 Iordane
1000 2602 1097 2666 Viud.
1121 2623 1218 2666 serm.
1240 2601 1365 2684 Regim.
1390 2601 1483 2674 1882,
1506 2621 1627 2666 comem
1650 2621 1688 2666 ac
1712 2601 1884 2685 benignam
1908 2601 2051 2686 puellam

394 2729 415 2773 a
448 2706 547 2772 sacris
580 2704 693 2789 procul
726 2725 794 2768 esse
821 2704 936 2786 iuberi,
960 2711 1005 2787 at,
1029 2705 1136 2784 credo,
1159 2706 1247 2770 tristi
1271 2711 1371 2788 atque
1394 2725 1530 2788 asperae
1552 2704 1654 2768 sacris
1677 2704 1843 2769 imteresse
1867 2704 1969 2768 licuit.
2014 2703 2052 2769 In

395 2829 505 2873 onrnes
527 2813 634 2871 autem
658 2805 822 2884 mulieres,
850 2811 883 2872 et
910 2827 1016 2872 comes
1038 2816 1071 2872 et
1093 2829 1236 2892 asperas,
1260 2807 1349 2873 cadit
1371 2807 1456 2890 quod
1480 2806 1572 2872 iubet
1594 2807 1681 2871 Festi
1704 2806 1793 2872 locus
1815 2829 1845 2891 p.
1869 2807 1909 2871 82
1933 2806 2053 2872 ”hostis

395 2911 525 2976 uinctus
551 2909 668 2973 mulier
692 2907 786 2990 uirgo
808 2909 946 2973 exesto”.
994 2909 1039 2973 dc
1061 2930 1100 2974 ne
1124 2912 1278 2975 comitate
1301 2909 1431 2990 quidem
1456 2909 1529 2979 uiri,
1553 2928 1652 2989 quam
1676 2908 1839 2992 intellegit
1862 2908 1991 2974 Osthoff
2010 2908 2052 2973 M.

395 3013 455 3078 Rh.
492 3010 634 3076 XXXVI
668 3011 730 3074 486
764 3009 806 3073 ad
840 3010 1039 3091 grauitatem
1067 3032 1232 3076 sacrorum
1256 3011 1387 3076 illorum
1411 3033 1492 3095 opus
1514 3011 1613 3076 fuisse
1636 3011 1795 3090 arbitror3
1818 3011 1945 3076 accedit
1967 3012 2053 3094 quod

396 3117 571 3198 originatio
603 3112 741 3178 Ostholfi
767 3112 907 3176 dicentis
929 3135 1108 3178 co-smem
1131 3114 1255 3178 dictum
1279 3115 1373 3196 quasi
1396 3113 1622 3178 con-similem
1647 3133 1709 3178 non
1732 3114 1812 3178 satis
1835 3135 1907 3178 cum
1931 3114 2053 3197 siguifi-

396 3218 523 3282 cntioue
556 3215 645 3279 illius
678 3215 792 3278 camis
825 3215 986 3278 conuenit.
1031 3211 1134 3282 Credo
1167 3217 1271 3280 locum
1306 3216 1399 3280 illum
1433 3217 1479 3280 sio
1512 3235 1581 3280 esse
1603 3215 1901 3298 interpretandum:
1925 3217 2054 3282 neited

397 3321 493 3386 endo
528 3319 663 3382 cnemis
695 3319 755 3382 uir
788 3316 915 3383 cosied
949 3317 1072 3382 asted:
1102 3319 1228 3384 nitatur
1251 3321 1310 3399 (sic
1332 3317 1474 3400 Osthoff)
1496 3319 1513 3380 1.
1536 3307 1566 3381 θ.
1590 3323 1693 3395 curet,
1717 3319 1821 3382 intus
1850 3322 1971 3382 crimes
1994 3318 2055 3381 uir

399 3443 471 3488 una
505 3422 556 3486 sit
589 3420 730 3486 adstet.
774 3419 836 3485 Sed
870 3423 945 3484 utut
979 3441 1017 3485 ea
1050 3439 1102 3484 res
1124 3440 1158 3484 se
1181 3419 1291 3497 habet,
1313 3419 1384 3484 ueri
1407 3419 1513 3483 simile
1537 3419 1617 3483 mihi
1640 3419 1771 3484 uidetur
1793 3440 1983 3484 couemem
2006 3417 2056 3482 vel

268 3600 271 3615 Ι
397 3537 544 3595 comem,
579 3543 656 3588 uoce
688 3528 722 3588 et
755 3521 992 3606 significatione
1026 3523 1231 3587 coniunctum
1267 3543 1341 3586 cum
1375 3521 1475 3586 uerbo
1497 3521 1727 3600 conueniendo,
1750 3521 1910 3586 translate
1932 3519 2055 3584 dictum

398 3629 502 3712 primo
526 3627 619 3708 quasi
642 3625 900 3702 conuenientem,
923 3629 962 3688 ut
985 3625 1087 3688 nostri
1102 3623 1218 3688 dicunt
1237 3623 1532 3704 tillmdtesgdende,
1547 3624 1695 3705 germani
1711 3621 2056 3706 entgegenlrommend.

399 3727 447 3790 Ea
470 3725 660 3810 principalis
683 3724 880 3806 significatio
904 3725 1054 3790 hocloco
1077 3725 1229 3788 carminis
1252 3723 1388 3789 Saliaris
1411 3731 1530 3796 exstat.
1553 3747 1626 3789 nam
1650 3725 1753 3790 uerba
1775 3725 1833 3790 illa
1849 3725 2007 3790 ”conemis
2022 3746 2056 3790 es

400 3831 522 3900 laneus,
557 3825 670 3890 lanes‘
698 3826 757 3890 hoc
781 3825 978 3908 significent:
1001 3825 1158 3908 ”benigno
1183 3826 1313 3890 numine
1336 3825 1414 3890 ades
1437 3827 1645 3908 (imperatiuo
1667 3827 1773 3910 modo)
1796 3825 1874 3892 Iane
1897 3826 2056 3892 Patulcil'’

400 3931 559 3996 Similiter
581 3929 704 3994 Ennius
728 3949 780 4012 ap.
803 3925 867 3992 cic.
891 3949 950 4012 pro
962 3927 1064 3994 Balbo
1084 3927 1131 3991 16.
1148 3927 1187 3990 36
1204 3927 1278 4009 ”qui
1294 3929 1419 3993 erranti
1436 3929 1596 3993 comiter
1613 3933 1773 3993 monstrat
1788 3929 1903 3994 niam”.
1927 3929 2056 3994 Comem

400 4033 494 4114 quasi
521 4031 720 4096 commodum
750 4032 855 4113 primo
878 4031 1000 4098 dictum
1024 4037 1121 4115 putat
1143 4031 1220 4098 Pott
1242 4031 1341 4096 Wwb.
1365 4031 1407 4096 11.
1431 4035 1460 4096 l.
1487 4035 1561 4110 1523
1594 4033 1667 4097 inde
1691 4035 1791 4098 comis
1812 4033 1933 4098 dicitur
1956 4035 2056 4098 etiam

399 4133 559 4200 iucundus
592 4138 625 4198 et
652 4131 834 4215 hospitalis,
868 4133 955 4215 quod
989 4135 1119 4200 minime
1153 4133 1407 4199 aconueniendi
1431 4135 1532 4200 uerbo
1555 4135 1728 4218 discrepet,
1753 4157 1816 4219 qno
1839 4135 1969 4218 quidem
1992 4133 2057 4199 Ca-

401 4237 503 4302 tullus
526 4236 572 4301 sio
594 4255 671 4300 usus
693 4241 743 4299 est
766 4237 816 4298 57.
843 4237 856 4298 l
882 4255 928 4317 sq.
953 4235 1083 4318 ”pulcre
1107 4237 1288 4300 conuenit
1310 4237 1466 4320 improbis
1489 4237 1642 4311 cinaedis,
1661 4237 1846 4302 Mamurrae
1862 4237 2058 4319 pathicoque

401 4337 608 4421 Caesarique.
625 4375 655 4385 -
671 4373 701 4382 -
716 4336 857 4402 morbosi
880 4339 1015 4419 pariter,
1031 4337 1170 4422 gemelli,
1187 4339 1320 4420 utrique
1335 4323 1447 4403 uno'in
1465 4339 1594 4413 lectulo,
1611 4339 1768 4404 erudituli
1784 4339 1896 4404 amb0”
1912 4341 1998 4420 (nam
2014 4339 2059 4402 sic

401 4443 622 4526 interpungo).
666 4439 758 4516 Quod
781 4444 891 4504 autem
913 4445 965 4503 est
987 4440 1019 4504 in
1042 4441 1150 4506 codice
1174 4439 1322 4528 Parisino
1344 4443 1436 4505 7690.
1464 4446 1522 4506 175
1547 4442 1691 4506 Hildebr.
1711 4479 1747 4488 -
1765 4463 1839 4507 nam
1864 4442 1949 4504 hunc
1972 4441 2057 4506 codi-

403 4563 472 4608 cem
507 4544 546 4608 H.
570 4543 683 4620 edidit,
708 4563 772 4606 uon
795 4543 887 4615 7651,
911 4563 942 4606 u.
965 4541 1075 4607 Loewe
1099 4542 1211 4608 Prodr.
1237 4565 1267 4626 p.
1290 4544 1331 4606 88
1353 4579 1394 4590 —
1417 4543 1560 4611 ”comis
1585 4546 1748 4627 particeps
1771 4544 1824 4609 uel
1846 4541 2058 4610 conuenieus”

403 4645 436 4710 id
469 4644 548 4710 mihi
584 4650 769 4728 suspectum
803 4649 864 4720 est,
891 4648 935 4720 et,
958 4643 1064 4718 credo,
1087 4643 1258 4726 legendum
1283 4643 1342 4705 sic:
1366 4641 1513 4725 ”comes
1537 4666 1567 4727 p.
1593 4667 1623 4710 u.
1647 4644 1699 4709 c.”.
1745 4644 1922 4710 Praeterea
1944 4647 1977 4709 in
1999 4644 2059 4708 hoc

404 4754 471 4812 tam
504 4748 639 4830 antiquo
673 4749 815 4812 carmine
839 4747 1068 4830 co(gu)emis
1095 4745 1220 4828 aliquid
1244 4745 1283 4809 de
1306 4745 1478 4828 principali
1503 4746 1713 4813 conueniendi
1739 4747 1975 4830 significatione
1997 4747 2060 4810 for-

404 4849 492 4914 sitan
514 4849 696 4914 retinuerit.
740 4847 823 4912 Nam
847 4848 893 4912 sol
917 4870 988 4912 cum
1013 4849 1121 4913 omnia
1143 4846 1246 4912 radiis
1268 4849 1380 4924 intret,
1403 4849 1444 4913 ab
1467 4850 1615 4914 omuibus
1638 4851 1856 4933 conspiciatur
1880 4855 1916 4914 ut
1935 4848 2059 4914 anullo

404 4957 448 5020 sit
470 4976 616 5028 auersus,
639 4955 810 5036 oriensque
835 4954 928 5035 quasi
956 4953 1105 5018 omuibus
1128 4957 1241 5019 uenire
1265 4953 1394 5018 obuiam
1418 4952 1580 5023 uideatur,
1603 4974 1666 5018 non
1689 4953 1829 5017 absurde
1852 4952 1894 5017 ab
1917 4951 1982 5015 illis
2005 4952 2060 5032 qui

405 5065 475 5121 tum
508 5063 604 5123 erant
636 5056 819 5122 homiuibus
854 5055 919 5121 dici
955 5057 1062 5138 potuit
1095 5054 1152 5120 hes
1187 5061 1294 5121 terres
1327 5055 1547 5137 humanosque
1571 5061 1682 5119 coetus
1704 5055 1886 5119 conuenire.
1930 5051 2061 5116 Persius

406 5152 536 5243 quidem
559 5161 594 5224 in
617 5159 633 5224 I
656 5157 723 5224 Sat.
747 5161 786 5222 55
809 5159 927 5224 Ianum
950 5157 1121 5224 Geminum
1144 5158 1288 5224 ostendit
1309 5179 1330 5222 a
1357 5155 1446 5222 nullo
1473 5179 1541 5222 esse
1564 5177 1724 5222 auersum.
1770 5154 1814 5219 Et
1836 5153 2060 5219 Tertullianus
