4694 6114
1122 603 1157 665 ll

310 771 405 834 arant
427 768 513 852 genii
537 768 585 834 ita
608 773 835 835 matronarum
859 769 1008 836 Iunones.
1058 769 1149 836 Inter
1171 767 1246 834 illas
1269 773 1378 835 autem
1402 770 1540 840 Iunones
1563 792 1648 854 quae
1670 791 1733 836 non
1757 757 1826 836 tam
1848 781 1969 856 matro-

310 889 425 934 narum
449 890 546 952 quam
570 891 744 954 puerorum
768 873 927 956 gerebant
948 891 1060 937 curam
1082 873 1228 938 eratdea
1241 873 1361 958 illaap.
1378 875 1459 958 Aug.
1482 875 1502 939 l.
1516 898 1542 941 c.
1556 875 1758 954 Volumna,
1782 897 1878 960 quam
1897 904 1968 948 curn

311 970 471 1036 Volumno
504 973 641 1054 coniuge
676 973 807 1038 finxisse
831 974 987 1040 uidentur
1019 975 1156 1039 Romani
1194 979 1323 1043 teneros
1351 977 1475 1042 animos
1509 976 1704 1054 firmantem,
1727 984 1764 1042 ut
1786 979 1969 1048 Iunonem

309 1071 600 1157 Ossipaginum,
624 1111 651 1120 -
674 1095 729 1138 ern
754 1075 875 1140 Aruob.
898 1073 959 1140 III.
984 1077 1033 1156 303
1055 1075 1111 1143 IV.
1136 1081 1153 1142 7
1177 1077 1418 1155 Reifferscheid,
1441 1100 1525 1163 quae
1549 1079 1686 1146 duraret
1701 1101 1738 1146 ao
1751 1082 1908 1158 solidaret
1919 1107 1968 1151 os·

310 1175 400 1240 sibus
421 1175 599 1240 infantium
622 1197 760 1264 corpora
782 1179 839 1263 (ci.
864 1179 990 1246 Preller
1013 1179 1034 1244 l.
1057 1201 1084 1245 c.
1107 1178 1168 1246 215
1191 1185 1225 1246 et
1251 1184 1348 1264 aun).

1114 1445 1161 1512 v.

848 1572 1065 1656 Incertae
1092 1533 1221 1656 sedis
1247 1595 1426 1656 versus.

593 1796 818 1881 Pen(n)atae
844 1797 1121 1883 lmpen(n)aras
1320 1799 1444 1883 agnas
1472 1839 1519 1848 —
1537 1819 1565 1862 v
1588 1839 1634 1848 —
1650 1821 1678 1862 0

395 1917 540 1984 Paulus
564 1919 668 1986 Festi
691 1943 721 2004 p.
747 1922 820 1986 211.
874 1920 1064 1988 Pennatas
1086 1925 1405 2007 impennatasque
1428 1944 1549 2006 agnas
1571 1924 1605 1989 in
1617 1922 1738 1989 Saliari
1750 1929 1891 1992 carmine
1903 1928 1965 2010 spi·

312 2044 367 2088 cas
389 2022 551 2106 siguificat
573 2045 645 2090 curn
669 2026 781 2090 aristis
803 2031 837 2092 et
858 2025 941 2092 alias
963 2028 1032 2094 sine
1055 2026 1176 2093 aristis:
1200 2046 1303 2108 aguas
1325 2046 1428 2092 nouas
1450 2025 1555 2092 uoluit
1576 2025 1728 2110 intelligi.

394 2261 636 2422 Xiuceflihror.
650 2348 744 2411 metri
753 2369 856 2412 causa
869 2347 999 2412 sustuli.
1026 2346 1117 2412 Nihil
1129 2348 1251 2412 attinet
1261 2348 1473 2432 principalem
1487 2350 1683 2432 scripturam
1696 2349 1870 2416 reuocandi
1884 2351 1968 2434 peri·

308 2447 417 2548 oulpm
455 2448 561 2513 facere
584 2450 724 2533 exempli
760 2451 871 2534 gratia
895 2451 948 2515 sio:
973 2451 1128 2534 pinetae
1151 2449 1366 2532 empinatas
1388 2469 1512 2514 aenae.
1556 2449 1655 2514 Cuius
1678 2451 1709 2515 iu
1738 2451 1890 2516 honorem
1914 2451 1967 2516 hic

309 2570 423 2614 uersus
456 2550 500 2613 sit
532 2549 639 2614 dictus
674 2571 736 2615 uon
772 2550 890 2633 liquet;
923 2552 949 2615 si
977 2551 1016 2616 de
1040 2571 1075 2616 re
1098 2556 1165 2614 tam
1189 2551 1315 2615 lubrica
1337 2551 1493 2616 incertam
1518 2551 1595 2616 licet
1617 2572 1794 2634 proponere
1806 2553 1967 2619 coniectu-

308 2673 391 2729 ram,
414 2657 521 2734 potest-
543 2657 690 2735 spectare
713 2651 755 2716 ad
778 2651 873 2717 deum
897 2653 1101 2736 Robigum,
1125 2653 1165 2717 de
1188 2673 1252 2736 quo
1277 2651 1380 2716 Varro
1403 2651 1440 2715 R.
1464 2651 1501 2716 R.
1525 2651 1551 2715 l.
1577 2655 1603 2714 1.
1627 2656 1655 2715 6.
1669 2661 1787 2736 quarto
1804 2655 1963 2738 Robigum

309 2775 346 2820 ac
368 2753 509 2830 Floram,
532 2754 650 2836 quibus
672 2755 823 2838 propitiis
847 2776 951 2839 neque
975 2757 1089 2839 robigo
1112 2755 1276 2820 frumenta
1298 2761 1398 2836 atque
1419 2753 1554 2818 arbores
1576 2755 1765 2837 corrumpit,
1788 2779 1891 2842 neque
1904 2779 1967 2824 non

309 2857 501 2939 tempestiue
531 2853 648 2922 florent
671 2905 678 2918 .
701 2857 819 2941 Itaque
842 2857 972 2942 publice
995 2857 1118 2942 Robigo
1141 2857 1241 2922 feriae
1265 2854 1450 2936 Robigalia,
1472 2853 1587 2919 Florae
1610 2853 1679 2919 ludi
1702 2855 1847 2924 Floralia
1871 2861 1964 2925 insti-

308 2961 381 3024 tuti.
426 2957 507 3023 Plin.
532 2957 569 3024 ll.
594 2957 633 3024 N.
656 2957 769 3024 XVIII
793 2959 854 3024 284
878 2961 916 3024 D.
950 2959 1073 3026 Paulus
1096 2959 1184 3024 Festi
1207 2979 1237 3040 p.
1261 2957 1321 3020 267
1349 2954 1391 3019 Μ.
1414 2955 1518 3020 Varro
1547 2954 1580 3020 L.
1605 2954 1641 3019 L.
1666 2957 1752 3042 VI§
1780 2961 1846 3023 199.
1880 2961 1963 3027 Gell.

309 3061 345 3126 V.
373 3063 419 3136 12,
436 3063 483 3124 14.
527 3059 664 3126 Ouidius
686 3067 795 3127 autem
818 3062 911 3127 deam
935 3063 1018 3128 facit
1041 3061 1232 3143 Robiginem
1246 3059 1332 3124 Fast.
1346 3057 1390 3122 IV
1409 3057 1468 3121 907
1487 3078 1567 3140 sqq.;
1580 3057 1619 3124 de
1632 3079 1697 3142 qua
1713 3081 1748 3126 re
1760 3062 1830 3145 agit
1845 3061 1965 3129 Iordan

307 3187 381 3230 ann.
405 3164 447 3228 ad
470 3162 607 3228 Prelleri
634 3162 749 3248 hythe
773 3165 807 3229 II
830 3168 881 3230 44.
926 3167 1049 3248 Agnae
1073 3172 1247 3248 cognatum
1269 3167 1319 3228 est
1341 3160 1390 3226 isl.
1406 3164 1766 3252 iignsuocagmgoth.
1780 3165 1965 3249 abanapal.

307 3287 408 3349 germ.
432 3285 539 3346 agana
561 3265 685 3346 primus
708 3265 847 3332 contulit
869 3265 1029 3331 Aulrecht
1051 3266 1135 3330 Anu.
1158 3264 1244 3328 Phil.
1267 3283 1368 3347 comp.
1393 3263 1409 3327 I
1432 3263 1493 3326 353
1516 3285 1574 3348 sq;
1597 3271 1737 3348 cognata
1760 3267 1864 3334 latina
1887 3291 1964 3334 acus

308 3368 387 3434 -bris
411 3373 444 3431 et
467 3389 544 3432 acus
565 3379 616 3431 -us
638 3389 689 3450 ap.
713 3365 836 3432 Colum.
859 3366 903 3431 II.
930 3369 977 3432 10.
1000 3370 1029 3430 4.
1054 3367 1187 3448 Brugm.
1211 3365 1320 3450 Oomp.
1345 3366 1360 3430 I
1383 3369 1402 3450 ξ
1425 3368 1497 3446 500;
1519 3366 1616 3432 aliter
1639 3367 1746 3452 Kluge
1769 3371 1852 3436 Anu.
1880 3371 1964 3435 Phil.

308 3491 409 3551 comp.
433 3468 543 3533 XXVI
568 3471 637 3540 312,
662 3469 718 3551 qui
741 3491 892 3552 graecum
915 3457 995 3555 ὄχνη
1017 3491 1089 3534 oum
1114 3470 1173 3534 hoe
1192 3475 1369 3550 comparat.
1415 3469 1644 3548 Pcnlnlatae
1668 3471 1774 3553 prisco
1798 3493 1884 3538 ruore
1905 3493 1963 3554 pro

309 3572 530 3654 pin(u)atas
563 3592 583 3634 a
615 3572 731 3652 pinna
754 3573 802 3649 (ut
826 3571 920 3647 inuri,
942 3579 1050 3646 rotae3
1074 3572 1115 3635 ol.
1139 3590 1225 3635 suec.
1249 3568 1332 3646 lena,
1355 3592 1423 3652 ags.
1449 3571 1543 3651 finn);
1566 3592 1713 3654 pennae
1735 3573 1855 3652 auium,
1879 3595 1963 3657 quae

308 3695 381 3737 cum
414 3673 542 3756 pinnis
575 3671 625 3736 his
658 3693 900 3754 nonnumquam
923 3677 1001 3737 suut
1022 3672 1183 3750 confusae,
1207 3671 1392 3754 antiquitus
1415 3679 1448 3736 ct
1471 3673 1601 3756 quidem
1625 3675 1657 3738 iu
1681 3671 1799 3738 Saliari
1822 3677 1963 3742 carmine

308 3775 415 3840 diotae
437 3780 514 3839 suut
536 3795 686 3857 poenae,
708 3773 829 3858 (primo
851 3772 1038 3858 *pet-snael:
1063 3773 1177 3840 Festus
1201 3774 1273 3838 205.

393 4187 577 4270 Singulae
612 4187 763 4267 glossae
796 4185 982 4250 carminis
1016 4183 1176 4251 Saliaris
1209 4207 1259 4268 ap.
1284 4185 1415 4250 Festum
1438 4191 1472 4252 et
1494 4187 1673 4253 Varronem
1695 4193 1728 4252 et
1751 4188 1963 4272 Macrobium‚

309 4311 392 4373 quae
415 4289 598 4372 conquisita
620 4287 793 4353 ediderunt
816 4289 852 4350 Α.
876 4285 1043 4371 Lysander
1065 4287 1151 4351 Hist.
1175 4287 1239 4351 litt.
1266 4287 1324 4350 102>
1346 4309 1416 4370 sqq.
1439 4290 1752 4362 ethemBaehrens
1766 4290 1860 4374 Frag.
1874 4291 1962 4357 Poet.

310 4391 381 4456 hat.
409 4413 438 4474 p.
463 4395 504 4458 30
527 4411 595 4473 sqq.
620 4395 653 4454 ot
675 4390 784 4454 Hsvet
807 4389 846 4453 de
868 4389 1024 4452 Saturnio
1047 4410 1077 4471 p.
1100 4389 1161 4452 243
1185 4409 1265 4472 sqq,
1289 4410 1360 4454 cum
1386 4413 1447 4456 nou
1468 4391 1563 4456 modo
1586 4414 1649 4455 nou
1673 4411 1831 4466 numeros,
1854 4394 1909 4458 sed
1923 4416 1962 4458 ne

309 4502 419 4576 partes
441 4491 571 4576 quidem
595 4512 799 4557 numerorum
823 4489 990 4574 impleant,
1015 4489 1166 4555 hocloco
1189 4511 1243 4554 eas
1266 4497 1447 4574 praeterae,
1469 4493 1576 4560 iudice
1602 4495 1807 4560 enumerabo.

929 4731 1332 4741 ——-——-—---

392 4953 452 5020 llis
474 4953 633 5018 subiciam
656 4955 801 5018 uirorum
824 4953 1001 5028 doctorum,
1029 4960 1190 5036 quotquot
1212 4953 1290 5019 mihi
1313 4956 1444 5036 cognita
1467 4961 1553 5029 sunt,
1576 4956 1720 5038 pericula
1742 4955 1868 5022 Saliare
1891 4979 1962 5023 car·

308 5079 380 5122 men
404 5056 611 5124 emendandi.
656 5059 777 5140 hgmen
800 5057 910 5134 ducat,
933 5065 969 5120 ut
993 5077 1052 5139 par
1075 5063 1133 5138 est,
1156 5056 1345 5139 Iosephus
1366 5055 1551 5138 Scaliger.
1575 5056 1609 5120 Is
1627 5057 1812 5140 append.in
1826 5059 1960 5124 conieci.

309 5160 501 5225 Varronian.
532 5179 563 5242 p.
590 5159 648 5224 186
671 5157 709 5221 ir.
733 5159 830 5244 primi
852 5158 915 5222 duo
937 5179 1051 5224 uersus
1073 5156 1245 5224 Saturnios
1267 5161 1375 5242 posuit
1397 5159 1467 5224 hos:
1492 5197 1532 5206 —
1555 5160 1661 5224 omnia
1685 5159 1699 5246 ΙΙ
1725 5160 1889 5244 Dapatilia
1911 5184 1961 5226 oo·
