4694 6114
1193 599 1234 664 42

385 769 532 854 Itemque
551 772 650 836 lanus
673 771 854 836 Geminus
876 770 961 838 idem
985 777 1054 836 tum
1077 771 1156 834 deus
1179 775 1250 836 tum
1273 772 1400 853 signum
1424 769 1475 834 dei
1499 777 1569 834 tum
1593 774 1707 852 portae
1729 765 1782 832 uel
1809 767 2044 833 aediculacnm
2154 763 2159 770 ’

384 875 488 955 signo.
549 873 590 936 st
613 873 743 956 quidem
766 875 871 956 primo
894 874 983 937 deus.
1029 873 1183 936 Aurelius
1206 873 1319 937 Victor
1342 871 1369 934 3.
1399 875 1423 934 l.
1448 871 1588 962 (Nema)
1612 877 1747 954 portas
1770 868 1862 934 lano
1885 870 2044 936 Gemino

383 975 578 1040 aedificauit.
622 975 666 1038 Et
689 974 918 1060 Macrob.§l.
944 976 962 1038 9
986 979 1015 1052 9;
1043 977 1089 1038 15.
1134 971 1276 1056 Signum:
1302 973 1424 1038 Plinius
1448 971 1869 1037 N.H.xxxl11.t.331).
1909 973 2044 1038 ”Fuisse

383 1085 491 1142 autem
526 1077 721 1142 statuariam
756 1083 860 1141 artem
895 1077 1088 1144 familiarem
1116 1077 1234 1142 ltaliae
1257 1098 1385 1160 quoque
1408 1087 1440 1142 et
1463 1083 1627 1142 uetustam
1650 1076 1797 1140 indicant
1821 1075 1978 1141 Hercules
2002 1075 2044 1141 ab

354 1256 359 1266 Ι
384 1177 538 1244 Euamlro
561 1185 710 1244 sacratus
733 1217 770 1226 —
795 1185 966 1262 praeterea
990 1179 1106 1246 Ianus
1128 1178 1308 1244 Geminus
1331 1201 1351 1244 a
1373 1177 1480 1244 Numa
1503 1201 1578 1260 rege
1602 1178 1730 1242 dicatus
1754 1214 1791 1224 -
1816 1177 1931 1258 digitis
1948 1180 1993 1242 ite
2008 1177 2044 1242 fi-

384 1283 512 1364 guratis
536 1318 576 1328 -
604 1281 667 1344 -''.
724 1281 793 1358 Quo
827 1279 896 1346 loco
930 1281 1029 1346 Ianus
1067 1281 1342 1364 dicatus'pariter
1365 1281 1488 1348 dicitur
1511 1287 1620 1364 atque.
1644 1281 1686 1344 ab
1716 1280 1852 1344 Horatio
1876 1279 2046 1344 dedicatus

388 1383 500 1464 Apollo
532 1380 583 1465 (O.
617 1382 642 1446 Ι.
667 1383 716 1446 31.
744 1384 781 1464 l).
827 1383 971 1465 Denique
996 1391 1108 1465 portae
1132 1385 1281 1462 geminae
1304 1385 1401 1450 huius
1423 1385 1484 1450 dei:
1532 1385 1672 1450 Velleius
1694 1379 1766 1454 Pet,
1790 1379 1835 1444 ΙΙ.
1861 1381 1901 1446 38
1929 1381 2045 1448 ”tertio

385 1487 532 1566 Augusto
555 1485 700 1567 principe
723 1491 831 1549 certae
844 1485 931 1566 pacis
948 1493 1176 1564 argumentum
1191 1485 1498 1552 lanusGeminus
1521 1487 1653 1552 clausus
1665 1485 1785 1551 dedit.”
1831 1483 1923 1549 Haec
1943 1485 2046 1567 igitur

387 1587 516 1650 nomina
529 1597 605 1652 sunt
627 1587 793 1670 ambigua,
816 1587 902 1668 quod
916 1587 995 1652 deus
1013 1589 1080 1670 ipse
1093 1595 1126 1653 et
1148 1589 1217 1653 eius
1229 1590 1356 1672 signum
1370 1611 1441 1654 cum
1454 1591 1557 1673 portis
1568 1589 1705 1668 geminis
1718 1609 1776 1652 aec
1789 1587 1953 1652 mentibus
1965 1589 2045 1652 satis

270 1731 274 1737 ·
379 1675 663 1772 discernebantur,
688 1711 745 1754 nec
768 1711 913 1754 sermone
938 1690 1235 1770 distinguebantur.
1281 1691 1495 1768 Quamobrem
1519 1691 1620 1755 Ianus
1633 1689 1787 1754 Geminus
1800 1687 1840 1751 ad
1854 1687 1959 1752 forum
1972 1709 2045 1752 con·

385 1796 530 1856 serratus
553 1789 591 1854 fit
613 1791 655 1853 ab
680 1790 815 1855 Horatio
839 1792 954 1874 genius
977 1791 1039 1856 fori
1062 1797 1096 1856 et
1118 1793 1255 1857 forensis
1277 1792 1357 1857 deus
1380 1799 1413 1857 et
1436 1791 1716 1858 nummulariolus,
1741 1797 1778 1853 ut
1801 1791 1893 1872 quasi
1921 1791 2045 1871 negoti-

387 1893 493 1980 atoris
512 1913 684 1974 personam
704 1899 799 1972 gerat
821 1899 854 1956 et
877 1914 934 1974 per
957 1893 1201 1958 translationem
1227 1915 1284 1976 pro
1308 1900 1380 1960 tota
1403 1897 1644 1976 negotiatorum
1670 1893 1768 1956 turba
1790 1891 2005 1975 ponaturEp.
2019 1891 2043 1955 Ι.

299 2067 301 2074 Ι
389 1997 414 2056 l.
439 1994 478 2056 53
502 1993 537 2057 ”0
560 1995 647 2058 ciues
669 1995 757 2058 ciues
779 1994 967 2076 quaerenda
990 1996 1126 2078 pecunia
1148 1997 1330 2079 primumst:
1354 1996 1433 2060 haec
1456 1997 1572 2060 Ianus
1595 1993 1792 2059 summus-ab
1806 1994 2045 2076 imoprodocet,

384 2097 426 2160 ad
460 2115 555 2177 (luem
590 2096 695 2162 locum
718 2095 756 2160 cf.
782 2096 919 2166 Bentleii
941 2103 974 2160 et
997 2097 1161 2161 Sclruetaii
1186 2097 1311 2162 adnott.
1335 2103 1368 2162 et
1390 2097 1509 2162 Iordan
1533 2097 1670 2179 Topogr.
1695 2095 1786 2160 Rom.
1810 2094 1834 2158 l.
1859 2095 1888 2158 2.
1913 2095 1972 2158 217
1990 2097 2044 2179 ⁵²).

384 2198 466 2262 Nam
502 2199 680 2283 Porphyrio
714 2201 756 2263 ad
791 2200 820 2264 lr.
854 2199 874 2262 l.
910 2199 1006 2264 Ianos
1033 2221 1087 2264 eos
1110 2201 1165 2282 qui
1188 2190 1295 2266 essent
1318 2202 1351 2264 in
1374 2201 1506 2282 regione
1531 2199 1682 2274 basilicae
1706 2197 1799 2262 Pauli
1824 2219 1884 2262 non
1914 2197 2047 2262 uidetur

385 2303 516 2366 finxisse
540 2323 649 2375 uanos,
673 2302 758 2384 quod
782 2303 874 2384 ponit
899 2301 1024 2376 Iordan,
1047 2303 1239 2386 praesertim
1263 2324 1336 2367 cum
1359 2303 1422 2366 iam
1447 2307 1556 2366 aetate
1579 2299 1726 2366 Suetonii
1739 2321 1799 2364 non
1813 2301 1908 2383 pauci
1926 2301 2047 2364 suerint

384 2427 455 2469 cum
490 2425 548 2488 per
572 2405 685 2468 urbem
708 2411 776 2468 tum
802 2404 843 2468 ad
867 2405 971 2470 sorum
1000 2411 1033 2468 et
1055 2406 1088 2470 in
1111 2405 1181 2470 loro
1203 2406 1281 2487 iani,
1305 2404 1360 2469 sed
1384 2425 1554 2488 perperam
1578 2403 1611 2467 id
1634 2403 1719 2486 quod
1744 2409 1829 2468 esset
1852 2423 1911 2466 sua
1936 2408 2045 2466 aetate

384 2507 426 2570 ad
450 2507 577 2570 Horatii
600 2511 741 2578 aetatem
765 2506 902 2570 rettulit.
947 2505 1027 2570 Cum
1050 2513 1160 2571 autem
1184 2507 1264 2570 nihil
1288 2507 1329 2570 ad
1353 2507 1456 2589 ipsam
1479 2507 1544 2570 uim
1569 2513 1627 2570 aut
1651 2527 1767 2570 numen
1787 2504 1860 2569 lani
1880 2505 2046 2588 pertineat

288 2681 291 2688 ¹
384 2609 467 2673 illud
501 2609 641 2688 Horatii,
675 2610 720 2672 sio
744 2609 858 2685 sentio,
882 2609 1053 2674 Horatium
1077 2609 1258 2692 respexisse
1282 2609 1455 2690 imaginem
1479 2615 1512 2672 et
1534 2607 1688 2672 sacellum
1712 2608 1796 2684 Iani,
1819 2615 1920 2690 atque
1944 2608 2043 2672 etiam

384 2709 423 2774 ile
446 2711 562 2774 ceteris
585 2711 617 2775 in
641 2711 710 2794 soro
734 2713 815 2774 ienis
838 2712 1047 2792 cogitantem,
1070 2732 1181 2776 omnes
1204 2709 1277 2775 illos
1299 2732 1363 2775 uno
1387 2710 1465 2777 lano
1488 2709 1624 2775 Gemino
1647 2711 1741 2793 quasi
1759 2711 1819 2774 sub
1843 2712 1912 2774 eius
1936 2715 2044 2774 essent

385 2813 489 2877 tutela
512 2813 802 2895 comprehendisse
826 2834 958 2895 prorsus
980 2815 1029 2877 ita
1052 2812 1136 2878 idem
1162 2811 1311 2896 Marsyae
1335 2813 1463 2894 signum
1486 2849 1526 2860 -
1550 2813 1641 2876 cuius
1664 2814 1774 2893 ima-go
1798 2832 1901 2893 nuper
1923 2811 2045 2874 estRo·

385 2933 455 2978 mae
478 2915 612 2979 inuenta
636 2952 674 2960 —
698 2914 778 2978 facit
801 2917 941 2980 sentiens
963 2917 1139 2996 uisumque
1163 2914 1193 2978 S.
1218 2914 1233 2978 I
1256 2917 1284 2976 6.
1312 2915 1379 2981 120.
1425 2913 1582 2979 Similiter
1605 2914 1726 2978 Seneca
1749 2913 1880 2996 Apocol.
1904 2935 1930 2977 c.
1954 2913 1982 2976 9.
1997 2913 2046 2977 Ia·

386 3039 461 3082 num
475 3018 556 3083 dicit
569 3041 586 3082 e
600 3017 847 3100 loquentemqui
861 3025 909 3082 tot
921 3019 1100 3083 causidicos
1112 3038 1170 3100 per
1183 3016 1336 3082 basilicas
1348 3015 1450 3081 uerba
1462 3017 1618 3082 facientes
1630 3016 1753 3080 audiat:
1767 3016 1885 3082 ”lanus
1897 3015 1994 3080 Pater
2008 3053 2044 3062 -—

385 3119 487 3184 multa
511 3121 642 3196 diserte,
666 3121 751 3202 quod
775 3120 808 3184 in
831 3121 901 3184 soro
926 3121 1071 3195 uiuebat‚
1094 3121 1204 3186 dixit’t
1250 3121 1320 3193 Sed,
1345 3129 1382 3186 ut
1404 3124 1516 3205 paucis
1531 3123 1930 3204 complectar,itaoenseo:
1955 3123 2045 3187 ianos

387 3225 429 3287 ab
452 3221 534 3285 Iano
557 3221 660 3284 dictos
683 3243 751 3286 esse
775 3223 879 3304 primo
901 3243 955 3287 eos
978 3223 1037 3288 ubi
1061 3231 1146 3288 esset
1168 3231 1385 3303 consecratus,
1408 3226 1525 3290 deinde
1549 3225 1581 3289 id
1605 3225 1705 3289 latius
1728 3226 1881 3307 serpsisse
1898 3226 2044 3289 utetiam

385 3324 445 3388 alii
469 3321 535 3386 iani
559 3321 747 3388 dicerentur
770 3329 903 3406 propter
928 3325 1188 3404 similitudinem,
1200 3327 1313 3407 itaque
1329 3347 1386 3409 per
1398 3325 1643 3391 translationem
1661 3325 1908 3408 appellatiuum,
1924 3333 1960 3390 ut
1974 3347 2045 3390 cum

383 3427 529 3490 dicimus:
544 3424 613 3490 'sub
626 3425 714 3492 Ioue'
729 3427 791 3492 uel'
805 3428 934 3509 proprio
948 3427 1065 3493 Marto’
1079 3428 1131 3494 uol
1145 3430 1341 3495 ’damnosam
1357 3429 1532 3494 Venerem'.
1559 3427 1639 3492 Nam
1653 3451 1670 3492 e
1682 3419 1968 3493 contrarioIanum
1981 3429 2046 3492 dic-

383 3535 452 3596 tum
475 3527 517 3593 ab
540 3529 622 3592 lanis
646 3551 708 3593 non
732 3530 812 3594 satis
839 3530 908 3592 ueri
921 3529 1025 3594 simile
1037 3537 1096 3609 est3
1120 3532 1207 3612 quod
1220 3531 1352 3595 deorum
1367 3533 1507 3600 nomina,
1521 3551 1603 3614 quae
1616 3531 1747 3612 quidem
1760 3533 1887 3612 possint
1899 3531 2046 3612 intellegi

383 3631 467 3693 undo
482 3631 557 3710 sint,
571 3631 622 3694 uel
637 3633 725 3694 dicta
739 3637 815 3695 suut
827 3653 845 3694 a
858 3631 1019 3714 qualitate
1031 3641 1065 3698 et
1076 3654 1110 3698 re
1123 3635 1287 3712 uniuersa,
1300 3639 1337 3697 ut
1351 3633 1458 3698 Venus
1472 3633 1631 3697 Herentas
1643 3633 1804 3696 quentas
1816 3633 1924 3697 Pauor
1937 3633 2047 3697 Pallor

384 3731 474 3795 llens
500 3731 636 3815 Robigo,
660 3732 710 3796 uel
724 3733 827 3816 primo
840 3733 1004 3816 adjectiua
1017 3735 1149 3799 luerunt
1173 3743 1231 3798 aut
1243 3736 1478 3799 adiectiuorum
1491 3734 1594 3798 forma
1606 3735 1725 3804 efficta.
1741 3740 1778 3797 ut
1795 3733 1994 3798 Summanus
2013 3743 2046 3799 et

383 3831 537 3898 Siluanus
560 3841 593 3898 et
616 3835 754 3898 fortasse
779 3834 919 3918 Faunus,
943 3837 995 3899 uel
1021 3838 1150 3901 nomina
1173 3838 1310 3920 agentis,
1334 3843 1372 3900 ut
1395 3836 1553 3901 Ruminus
1577 3837 1701 3900 Lucina
1715 3837 1903 3915 Veruactor,
1923 3837 1976 3902 uel
1991 3861 2045 3902 no·

384 3937 472 4000 mina
496 3957 605 4000 eorum
630 3937 767 4018 quaein
793 3957 899 4001 rerum
926 3945 1047 4002 natura
1070 3940 1193 4002 animos
1217 3941 1381 4004 hominum
1405 3939 1629 4004 uehementius
1657 3945 1895 4022 percusserant,
1931 3945 1967 4003 ut
1990 3939 2044 4004 Sol

383 4035 475 4100 Luna
499 4035 632 4117 Fulgur.
687 4035 753 4099 Nec
786 4058 863 4102 uero
890 4037 948 4102 illa
971 4059 1054 4119 quae
1077 4047 1152 4104 sunt
1176 4041 1305 4104 nomina
1328 4061 1437 4105 rerum
1460 4041 1502 4105 ab
1527 4042 1709 4106 homiuibus
1732 4043 1979 4120 fabricatarum,
2009 4051 2046 4104 nt

382 4159 461 4220 pons
496 4136 610 4202 domus
645 4139 765 4202 securis
789 4137 855 4221 ligo
878 4147 982 4222 porte,
1007 4140 1140 4206 deorum
1163 4143 1239 4206 item
1266 4144 1396 4206 nomina
1419 4143 1489 4208 lieri
1512 4144 1670 4223 solebant;
1694 4165 1771 4226 ergo
1796 4166 1834 4208 ne
1856 4145 1951 4210 ianus
1974 4145 2044 4226 qni-

382 4239 455 4304 dem
490 4241 514 4303 si
544 4250 593 4304 est
616 4240 767 4304 transitio
802 4243 916 4325 peruia
949 4263 1047 4325 opera
1072 4242 1214 4308 humana
1237 4245 1335 4326 facta,
1359 4246 1477 4310 nedum
1501 4269 1619 4312 numen
1644 4253 1772 4312 tantum
1797 4253 1930 4330 tamque
1954 4267 2044 4312 sanc-

383 4349 451 4404 tum
476 4361 513 4405 eo
537 4341 668 4423 proprio
693 4362 819 4423 unoque
844 4344 970 4408 nomine
994 4349 1151 4409 uteretur.
1197 4347 1330 4412 Accedit
1353 4348 1440 4430 quod
1464 4349 1587 4413 nullum
1611 4349 1793 4432 exemplum
1817 4357 1879 4427 est,
1904 4349 2045 4431 quocol·

384 4441 451 4506 lato
485 4443 607 4506 efficias
640 4445 769 4507 ianum
793 4445 1018 4509 transitionem
1043 4447 1204 4512 nominari
1228 4453 1371 4532 potuisse
1395 4453 1499 4534 prima
1523 4453 1690 4534 positione.
1736 4452 1848 4534 Neque
1871 4453 1954 4518 enim
1979 4475 2041 4516 non

382 4543 516 4608 dubium
550 4553 599 4610 eet
629 4567 670 4608 an
705 4566 765 4610 scr.
799 4547 876 4610 iana
911 4547 973 4610 buc
1007 4570 1068 4612 non
1102 4551 1273 4631 pertineat,
1298 4552 1384 4634 quod
1407 4553 1554 4626 sortasse,
1578 4563 1614 4618 ut
1636 4555 1717 4619 dicit
1744 4555 1868 4618 Schade
1894 4554 1955 4618 lex.
1980 4553 2005 4616 Ι.
2020 4575 2044 4618 s.

383 4669 423 4720 u.‚
446 4649 650 4712 coniunctum
673 4655 722 4711 cst
744 4667 816 4712 cum
839 4649 947 4713 theod.
971 4651 1055 4727 itu,
1071 4653 1097 4714 si
1115 4655 1207 4718 modo
1224 4655 1283 4718 boc
1298 4661 1348 4718 est
1361 4675 1380 4718 a
1392 4655 1467 4718 rad.
1484 4656 1532 4736 i's';
1547 4675 1629 4728 nam,
1643 4658 1735 4734 sitne,
1750 4677 1844 4739 quam
1859 4677 1927 4722 esse
1940 4657 2046 4739 posuit

383 4750 469 4814 Fick.
493 4749 575 4814 thes.
599 4749 653 4811 ΙΙΙ
676 4751 738 4814 209
761 4749 833 4814 etl
861 4753 931 4832 729,
957 4751 1037 4815 ”ia”
1061 4753 1155 4818 radix
1180 4777 1218 4818 ea
1241 4756 1477 4839 significatione
1500 4758 1593 4822 valde
1617 4765 1667 4823 est
1689 4761 1857 4824 incertum.
1905 4760 1947 4823 at
1973 4779 2043 4822 cum

382 4851 487 4916 latina
509 4853 574 4916 sint
597 4873 701 4935 pauca
723 4873 859 4935 quorum
883 4854 924 4917 ad
948 4875 968 4918 a
990 4877 1006 4918 e
1030 4855 1170 4920 aliarum
1195 4857 1379 4941 linguarum
1408 4859 1601 4940 respondere
1625 4859 1788 4938 uideatur,
1811 4868 1878 4924 tum
1893 4864 1948 4925 uix
1962 4863 1994 4926 in
2008 4883 2045 4927 so

382 4975 516 5019 nurnero
552 4955 696 5018 inuenies
721 4977 805 5037 quae
828 4979 847 5020 a
871 4959 1063 5041 producant.
1110 4957 1194 5024 Nam
1220 4961 1380 5026 Saturnus
1404 4962 1508 5044 primo
1531 4963 1594 5025 luit
1617 4962 1846 5038 Saeturnus,
1870 4965 1955 5044 quod
1979 4964 2044 5030 col·

382 5058 449 5122 lato
483 5059 581 5122 inser.
615 5057 695 5122 CIL.
733 5061 760 5122 I.
785 5063 1314 5134 48,restanendnmesse1>aulo
1339 5062 1424 5129 Festi
1450 5089 1479 5148 p.
1505 5065 1784 5147 :aasetsestop
1813 5065 1873 5133 325
1898 5067 2043 5131 animad-

381 5161 482 5226 uertit
505 5161 631 5225 Ritschl
655 5161 713 5246 Op.
738 5162 793 5226 IV.
819 5165 890 5244 ‘2713
914 5167 997 5248 quod
1024 5173 1132 5230 tamen
1156 5189 1219 5231 non
1244 5167 1526 5252 quadrisyllabum
1550 5191 1618 5236 esse
1632 5191 1754 5246 censeo,
1767 5169 1822 5233 sed
1836 5169 2043 5254 trisyllabum
