<?xml version="1.0" encoding="UTF-8"?>
<!DOCTYPE html PUBLIC "-//W3C//DTD XHTML 1.0 Transitional//EN"
    "http://www.w3.org/TR/xhtml1/DTD/xhtml1-transitional.dtd">
<html xmlns="http://www.w3.org/1999/xhtml" xml:lang="en" lang="en">
 <head>
  <title>
</title>
<meta http-equiv="Content-Type" content="text/html;charset=utf-8" />
  <meta name='ocr-system' content='tesseract 3.04.00' />
  <meta name='ocr-capabilities' content='ocr_page ocr_carea ocr_par ocr_line ocrx_word'/>
</head>
<body>
  <div class='ocr_page' id='page_1' title='image "./carminissaliari00zandgoog_0067.png"; bbox 0 0 4694 6114; ppageno 0'>
   <div class='ocr_carea' id='block_1_1' title="bbox 1027 1399 1332 1506">
    <p class='ocr_par' dir='ltr' id='par_1_1' title="bbox 1027 1399 1332 1506">
     <span class='ocr_line' id='line_1_1' title="bbox 1027 1399 1332 1506; baseline -0.013 0"><span class='ocrx_word' id='word_1_1' title='bbox 1027 1399 1332 1506; x_wconf 87' lang='lat' dir='ltr'><strong>Addenda.</strong></span> 
     </span>
    </p>
   </div>
   <div class='ocr_carea' id='block_1_2' title="bbox 325 1648 2005 2844">
    <p class='ocr_par' dir='ltr' id='par_1_2' title="bbox 325 1648 2005 2844">
     <span class='ocr_line' id='line_1_2' title="bbox 434 1648 2004 1736; baseline 0 -20"><span class='ocrx_word' id='word_1_2' title='bbox 434 1651 490 1717; x_wconf 81' lang='lat' dir='ltr'><strong>Ad</strong></span> <span class='ocrx_word' id='word_1_3' title='bbox 505 1673 540 1734; x_wconf 78' lang='lat' dir='ltr'><strong>p.</strong></span> <span class='ocrx_word' id='word_1_4' title='bbox 562 1656 619 1718; x_wconf 87' lang='grc'><strong>22.</strong></span> <span class='ocrx_word' id='word_1_5' title='bbox 664 1650 730 1716; x_wconf 84' lang='grc'><strong>061</strong></span> <span class='ocrx_word' id='word_1_6' title='bbox 763 1651 1004 1736; x_wconf 57' lang='lat' dir='ltr'><strong>ademistis)</strong></span> <span class='ocrx_word' id='word_1_7' title='bbox 1036 1650 1236 1716; x_wconf 86' lang='lat' dir='ltr'><strong>casmillus</strong></span> <span class='ocrx_word' id='word_1_8' title='bbox 1269 1648 1453 1718; x_wconf 69' lang='lat' dir='ltr'><strong>(lismona</strong></span> <span class='ocrx_word' id='word_1_9' title='bbox 1486 1651 1568 1717; x_wconf 90' lang='lat' dir='ltr'><strong>fiant</strong></span> <span class='ocrx_word' id='word_1_10' title='bbox 1590 1655 1712 1718; x_wconf 75' lang='lat' dir='ltr'><strong>comes</strong></span> <span class='ocrx_word' id='word_1_11' title='bbox 1738 1651 1910 1718; x_wconf 88' lang='lat' dir='ltr'><strong>camillus</strong></span> <span class='ocrx_word' id='word_1_12' title='bbox 1936 1649 2004 1716; x_wconf 74' lang='lat' dir='ltr'><strong>Gd-</strong></span> 
     </span>
     <span class='ocr_line' id='line_1_3' title="bbox 349 1749 2004 1846; baseline -0.001 -28"><span class='ocrx_word' id='word_1_13' title='bbox 349 1774 472 1846; x_wconf 56' lang='lat' dir='ltr'><strong>mena.</strong></span> <span class='ocrx_word' id='word_1_14' title='bbox 504 1759 537 1817; x_wconf 89' lang='lat' dir='ltr'><strong>et</strong></span> <span class='ocrx_word' id='word_1_15' title='bbox 571 1774 668 1836; x_wconf 90' lang='lat' dir='ltr'><strong>porro</strong></span> <span class='ocrx_word' id='word_1_16' title='bbox 701 1755 876 1835; x_wconf 71' lang='lat' dir='ltr'><strong>*quosme</strong></span> <span class='ocrx_word' id='word_1_17' title='bbox 909 1763 1051 1835; x_wconf 77' lang='lat' dir='ltr'><strong>quomo,</strong></span> <span class='ocrx_word' id='word_1_18' title='bbox 1073 1751 1229 1816; x_wconf 87' lang='lat' dir='ltr'><strong>dusmoe</strong></span> <span class='ocrx_word' id='word_1_19' title='bbox 1251 1749 1393 1826; x_wconf 70' lang='lat' dir='ltr'><strong>dumus,</strong></span> <span class='ocrx_word' id='word_1_20' title='bbox 1417 1775 1563 1819; x_wconf 88' lang='lat' dir='ltr'><strong>resmos</strong></span> <span class='ocrx_word' id='word_1_21' title='bbox 1589 1765 1724 1838; x_wconf 76' lang='lat' dir='ltr'><strong>remos,</strong></span> <span class='ocrx_word' id='word_1_22' title='bbox 1753 1775 1862 1826; x_wconf 90' lang='lat' dir='ltr'><strong>causa,</strong></span> <span class='ocrx_word' id='word_1_23' title='bbox 1886 1754 1949 1818; x_wconf 88' lang='lat' dir='ltr'><strong>nisi</strong></span> <span class='ocrx_word' id='word_1_24' title='bbox 1971 1753 2004 1818; x_wconf 92' lang='lat' dir='ltr'><strong>in</strong></span> 
     </span>
     <span class='ocr_line' id='line_1_4' title="bbox 349 1841 2004 1938; baseline 0 -18"><span class='ocrx_word' id='word_1_25' title='bbox 349 1855 536 1938; x_wconf 81' lang='lat' dir='ltr'><strong>disparibus</strong></span> <span class='ocrx_word' id='word_1_26' title='bbox 568 1855 633 1920; x_wconf 90' lang='lat' dir='ltr'><strong>sita</strong></span> <span class='ocrx_word' id='word_1_27' title='bbox 666 1859 717 1918; x_wconf 88' lang='lat' dir='ltr'><strong>est</strong></span> <span class='ocrx_word' id='word_1_28' title='bbox 739 1853 1003 1938; x_wconf 87' lang='lat' dir='ltr'><strong>praecedentium</strong></span> <span class='ocrx_word' id='word_1_29' title='bbox 1025 1852 1189 1919; x_wconf 91' lang='lat' dir='ltr'><strong>uocalium</strong></span> <span class='ocrx_word' id='word_1_30' title='bbox 1215 1841 1467 1935; x_wconf 78' lang='lat' dir='ltr'><strong>quantitatibus,</strong></span> <span class='ocrx_word' id='word_1_31' title='bbox 1490 1855 1623 1921; x_wconf 86' lang='lat' dir='ltr'><strong>uidetur</strong></span> <span class='ocrx_word' id='word_1_32' title='bbox 1646 1877 1683 1922; x_wconf 92' lang='lat' dir='ltr'><strong>ea</strong></span> <span class='ocrx_word' id='word_1_33' title='bbox 1706 1855 1806 1922; x_wconf 80' lang='lat' dir='ltr'><strong>luisse</strong></span> <span class='ocrx_word' id='word_1_34' title='bbox 1828 1855 1915 1938; x_wconf 90' lang='lat' dir='ltr'><strong>quod</strong></span> <span class='ocrx_word' id='word_1_35' title='bbox 1938 1876 2004 1920; x_wconf 88' lang='lat' dir='ltr'><strong>me-</strong></span> 
     </span>
     <span class='ocr_line' id='line_1_5' title="bbox 349 1954 2004 2042; baseline 0.001 -21"><span class='ocrx_word' id='word_1_36' title='bbox 349 1958 422 2023; x_wconf 90' lang='lat' dir='ltr'><strong>diae</strong></span> <span class='ocrx_word' id='word_1_37' title='bbox 445 1977 540 2022; x_wconf 85' lang='lat' dir='ltr'><strong>uoces</strong></span> <span class='ocrx_word' id='word_1_38' title='bbox 562 1958 658 2038; x_wconf 82' lang='lat' dir='ltr'><strong>aliae¹</strong></span> <span class='ocrx_word' id='word_1_39' title='bbox 671 1957 768 2022; x_wconf 89' lang='lat' dir='ltr'><strong>aliter</strong></span> <span class='ocrx_word' id='word_1_40' title='bbox 790 1977 848 2039; x_wconf 87' lang='lat' dir='ltr'><strong>per</strong></span> <span class='ocrx_word' id='word_1_41' title='bbox 870 1957 1013 2042; x_wconf 78' lang='lat' dir='ltr'>syllabas</span> <span class='ocrx_word' id='word_1_42' title='bbox 1036 1954 1271 2021; x_wconf 87' lang='lat' dir='ltr'><strong>diuidebantur</strong></span> <span class='ocrx_word' id='word_1_43' title='bbox 1293 1957 1549 2039; x_wconf 91' lang='lat' dir='ltr'><strong>pronuntiando:</strong></span> <span class='ocrx_word' id='word_1_44' title='bbox 1578 1959 1690 2041; x_wconf 87' lang='lat' dir='ltr'><strong>itaque</strong></span> <span class='ocrx_word' id='word_1_45' title='bbox 1712 1965 1849 2024; x_wconf 69' lang='lat' dir='ltr'><strong>ras-anos</strong></span> <span class='ocrx_word' id='word_1_46' title='bbox 1862 1971 2004 2036; x_wconf 58' lang='lat' dir='ltr'><strong>ra-mcs,</strong></span> 
     </span>
     <span class='ocr_line' id='line_1_6' title="bbox 348 2055 2004 2148; baseline 0 -24"><span class='ocrx_word' id='word_1_47' title='bbox 348 2073 451 2126; x_wconf 75' lang='lat' dir='ltr'><strong>remos</strong></span> <span class='ocrx_word' id='word_1_48' title='bbox 474 2079 503 2125; x_wconf 88' lang='lat' dir='ltr'><strong>c:</strong></span> <span class='ocrx_word' id='word_1_49' title='bbox 526 2060 698 2126; x_wconf 75' lang='lat' dir='ltr'><strong>Oai-amena</strong></span> <span class='ocrx_word' id='word_1_50' title='bbox 722 2061 896 2133; x_wconf 70' lang='lat' dir='ltr'><strong>Oct-&#39;mana</strong></span> <span class='ocrx_word' id='word_1_51' title='bbox 919 2059 1066 2127; x_wconf 73' lang='lat' dir='ltr'><strong>Camena.</strong></span> <span class='ocrx_word' id='word_1_52' title='bbox 1093 2055 1153 2121; x_wconf 86' lang='lat' dir='ltr'><strong>Est</strong></span> <span class='ocrx_word' id='word_1_53' title='bbox 1175 2057 1280 2121; x_wconf 85' lang='lat' dir='ltr'><strong>forma</strong></span> <span class='ocrx_word' id='word_1_54' title='bbox 1301 2055 1397 2121; x_wconf 86' lang='lat' dir='ltr'><strong>huius</strong></span> <span class='ocrx_word' id='word_1_55' title='bbox 1420 2060 1558 2140; x_wconf 88' lang='lat' dir='ltr'><strong>generis,</strong></span> <span class='ocrx_word' id='word_1_56' title='bbox 1581 2058 1622 2125; x_wconf 95' lang='lat' dir='ltr'><strong>de</strong></span> <span class='ocrx_word' id='word_1_57' title='bbox 1644 2080 1708 2142; x_wconf 90' lang='lat' dir='ltr'><strong>quo</strong></span> <span class='ocrx_word' id='word_1_58' title='bbox 1730 2059 1910 2148; x_wconf 84' lang='lat' dir='ltr'><strong>disputatio</strong></span> <span class='ocrx_word' id='word_1_59' title='bbox 1932 2081 2004 2124; x_wconf 84' lang='lat' dir='ltr'><strong>moa</strong></span> 
     </span>
     <span class='ocr_line' id='line_1_7' title="bbox 348 2157 2004 2246; baseline -0.001 -18"><span class='ocrx_word' id='word_1_60' title='bbox 348 2165 382 2228; x_wconf 93' lang='lat' dir='ltr'><strong>in</strong></span> <span class='ocrx_word' id='word_1_61' title='bbox 415 2169 477 2228; x_wconf 89' lang='lat' dir='ltr'><strong>act.</strong></span> <span class='ocrx_word' id='word_1_62' title='bbox 512 2183 572 2228; x_wconf 88' lang='lat' dir='ltr'><strong>soc.</strong></span> <span class='ocrx_word' id='word_1_63' title='bbox 606 2162 683 2246; x_wconf 92' lang='lat' dir='ltr'><strong>phil.</strong></span> <span class='ocrx_word' id='word_1_64' title='bbox 717 2161 901 2226; x_wconf 87' lang='lat' dir='ltr'><strong>Lundensis</strong></span> <span class='ocrx_word' id='word_1_65' title='bbox 933 2162 993 2226; x_wconf 90' lang='lat' dir='ltr'><strong>hoo</strong></span> <span class='ocrx_word' id='word_1_66' title='bbox 1026 2180 1111 2226; x_wconf 92' lang='lat' dir='ltr'><strong>anno</strong></span> <span class='ocrx_word' id='word_1_67' title='bbox 1144 2158 1270 2224; x_wconf 89' lang='lat' dir='ltr'><strong>edetur.</strong></span> <span class='ocrx_word' id='word_1_68' title='bbox 1314 2157 1470 2226; x_wconf 82' lang='lat' dir='ltr'><strong>Similiter</strong></span> <span class='ocrx_word' id='word_1_69' title='bbox 1492 2162 1526 2226; x_wconf 88' lang='lat' dir='ltr'><strong>in</strong></span> <span class='ocrx_word' id='word_1_70' title='bbox 1552 2161 1728 2226; x_wconf 91' lang='lat' dir='ltr'><strong>uerborum</strong></span> <span class='ocrx_word' id='word_1_71' title='bbox 1761 2161 2004 2245; x_wconf 78' lang='lat' dir='ltr'><strong>intercapedine</strong></span> 
     </span>
     <span class='ocr_line' id='line_1_8' title="bbox 348 2260 2004 2349; baseline -0.002 -17"><span class='ocrx_word' id='word_1_72' title='bbox 348 2267 492 2349; x_wconf 87' lang='lat' dir='ltr'><strong>sprima</strong></span> <span class='ocrx_word' id='word_1_73' title='bbox 524 2265 661 2330; x_wconf 88' lang='lat' dir='ltr'><strong>alterius</strong></span> <span class='ocrx_word' id='word_1_74' title='bbox 694 2263 785 2328; x_wconf 87' lang='lat' dir='ltr'><strong>uerbi</strong></span> <span class='ocrx_word' id='word_1_75' title='bbox 812 2264 952 2329; x_wconf 87' lang='lat' dir='ltr'><strong>habetur</strong></span> <span class='ocrx_word' id='word_1_76' title='bbox 975 2261 1097 2328; x_wconf 87' lang='lat' dir='ltr'><strong>nullius</strong></span> <span class='ocrx_word' id='word_1_77' title='bbox 1117 2262 1223 2326; x_wconf 89' lang='lat' dir='ltr'><strong>instar</strong></span> <span class='ocrx_word' id='word_1_78' title='bbox 1245 2262 1400 2327; x_wconf 87' lang='lat' dir='ltr'><strong>momenti</strong></span> <span class='ocrx_word' id='word_1_79' title='bbox 1422 2260 1465 2326; x_wconf 90' lang='lat' dir='ltr'><strong>ad</strong></span> <span class='ocrx_word' id='word_1_80' title='bbox 1488 2263 1719 2344; x_wconf 80' lang='lat' dir='ltr'><strong>quantitatem.</strong></span> <span class='ocrx_word' id='word_1_81' title='bbox 1763 2263 1936 2328; x_wconf 88' lang='lat' dir='ltr'><strong>Lucretius</strong></span> <span class='ocrx_word' id='word_1_82' title='bbox 1957 2263 2004 2328; x_wconf 88' lang='lat' dir='ltr'><strong>IV</strong></span> 
     </span>
     <span class='ocr_line' id='line_1_9' title="bbox 348 2363 2004 2446; baseline -0.001 -13"><span class='ocrx_word' id='word_1_83' title='bbox 348 2369 388 2434; x_wconf 91' lang='lat' dir='ltr'><strong>de</strong></span> <span class='ocrx_word' id='word_1_84' title='bbox 411 2368 448 2432; x_wconf 86' lang='lat' dir='ltr'><strong>R.</strong></span> <span class='ocrx_word' id='word_1_85' title='bbox 473 2365 510 2432; x_wconf 89' lang='lat' dir='ltr'><strong>N.</strong></span> <span class='ocrx_word' id='word_1_86' title='bbox 534 2368 594 2432; x_wconf 79' lang='lat'><strong>846</strong></span> <span class='ocrx_word' id='word_1_87' title='bbox 618 2365 750 2431; x_wconf 71' lang='lat' dir='ltr'><strong>mollit</strong></span> <span class='ocrx_word' id='word_1_88' title='bbox 774 2371 917 2445; x_wconf 79' lang='lat' dir='ltr'><strong>strata3</strong></span> <span class='ocrx_word' id='word_1_89' title='bbox 940 2363 986 2429; x_wconf 95' lang='lat' dir='ltr'><strong>VI</strong></span> <span class='ocrx_word' id='word_1_90' title='bbox 1009 2367 1070 2430; x_wconf 79' lang='lat'><strong>943</strong></span> <span class='ocrx_word' id='word_1_91' title='bbox 1093 2365 1287 2430; x_wconf 79' lang='lat' dir='ltr'><strong>mentibirs</strong></span> <span class='ocrx_word' id='word_1_92' title='bbox 1310 2364 1484 2446; x_wconf 81' lang='lat' dir='ltr'><strong>stillant3</strong></span> <span class='ocrx_word' id='word_1_93' title='bbox 1517 2365 1653 2432; x_wconf 90' lang='lat' dir='ltr'><strong>Ouidius</strong></span> <span class='ocrx_word' id='word_1_94' title='bbox 1674 2366 1709 2432; x_wconf 89' lang='lat' dir='ltr'><strong>ll</strong></span> <span class='ocrx_word' id='word_1_95' title='bbox 1733 2367 1761 2430; x_wconf 88' lang='grc'><strong>6.</strong></span> <span class='ocrx_word' id='word_1_96' title='bbox 1786 2369 1823 2432; x_wconf 90' lang='grc'><strong>61</strong></span> <span class='ocrx_word' id='word_1_97' title='bbox 1848 2367 2004 2433; x_wconf 72' lang='lat' dir='ltr'><strong>hebetare</strong></span> 
     </span>
     <span class='ocr_line' id='line_1_10' title="bbox 348 2464 2005 2552; baseline 0.001 -19"><span class='ocrx_word' id='word_1_98' title='bbox 348 2467 547 2550; x_wconf 85' lang='lat' dir='ltr'><strong>smaragdos.</strong></span> <span class='ocrx_word' id='word_1_99' title='bbox 591 2466 638 2531; x_wconf 90' lang='lat' dir='ltr'><strong>De</strong></span> <span class='ocrx_word' id='word_1_100' title='bbox 660 2487 697 2532; x_wconf 91' lang='lat' dir='ltr'><strong>eo</strong></span> <span class='ocrx_word' id='word_1_101' title='bbox 720 2488 837 2550; x_wconf 86' lang='lat' dir='ltr'><strong>genere</strong></span> <span class='ocrx_word' id='word_1_102' title='bbox 859 2467 992 2549; x_wconf 85' lang='lat' dir='ltr'><strong>exponit</strong></span> <span class='ocrx_word' id='word_1_103' title='bbox 1014 2465 1050 2530; x_wconf 86' lang='lat' dir='ltr'><strong>L.</strong></span> <span class='ocrx_word' id='word_1_104' title='bbox 1074 2464 1212 2530; x_wconf 87' lang='lat' dir='ltr'><strong>Mueller</strong></span> <span class='ocrx_word' id='word_1_105' title='bbox 1234 2464 1327 2529; x_wconf 87' lang='lat' dir='ltr'><strong>DRM</strong></span> <span class='ocrx_word' id='word_1_106' title='bbox 1349 2487 1381 2549; x_wconf 92' lang='lat' dir='ltr'><strong>p.</strong></span> <span class='ocrx_word' id='word_1_107' title='bbox 1405 2466 1464 2532; x_wconf 81' lang='grc'><strong>311</strong></span> <span class='ocrx_word' id='word_1_108' title='bbox 1488 2487 1559 2551; x_wconf 88' lang='lat' dir='ltr'><strong>sqq.</strong></span> <span class='ocrx_word' id='word_1_109' title='bbox 1603 2467 1671 2534; x_wconf 89' lang='lat' dir='ltr'><strong>Hoc</strong></span> <span class='ocrx_word' id='word_1_110' title='bbox 1695 2489 1773 2535; x_wconf 90' lang='lat' dir='ltr'><strong>uero</strong></span> <span class='ocrx_word' id='word_1_111' title='bbox 1794 2469 1903 2552; x_wconf 88' lang='lat' dir='ltr'><strong>prisca</strong></span> <span class='ocrx_word' id='word_1_112' title='bbox 1925 2489 2005 2534; x_wconf 90' lang='lat' dir='ltr'><strong>uoce</strong></span> 
     </span>
     <span class='ocr_line' id='line_1_11' title="bbox 347 2567 2005 2655; baseline 0 -18"><span class='ocrx_word' id='word_1_113' title='bbox 347 2570 506 2655; x_wconf 85' lang='lat' dir='ltr'><strong>pertinuit</strong></span> <span class='ocrx_word' id='word_1_114' title='bbox 538 2569 638 2632; x_wconf 88' lang='lat' dir='ltr'><strong>etiam</strong></span> <span class='ocrx_word' id='word_1_115' title='bbox 671 2569 713 2634; x_wconf 91' lang='lat' dir='ltr'><strong>ad</strong></span> <span class='ocrx_word' id='word_1_116' title='bbox 747 2567 907 2652; x_wconf 89' lang='lat' dir='ltr'><strong>quaedam</strong></span> <span class='ocrx_word' id='word_1_117' title='bbox 930 2567 1096 2633; x_wconf 88' lang='lat' dir='ltr'><strong>interiora.</strong></span> <span class='ocrx_word' id='word_1_118' title='bbox 1141 2567 1278 2632; x_wconf 88' lang='lat' dir='ltr'><strong>Plautus</strong></span> <span class='ocrx_word' id='word_1_119' title='bbox 1301 2567 1334 2632; x_wconf 91' lang='lat' dir='ltr'><strong>in</strong></span> <span class='ocrx_word' id='word_1_120' title='bbox 1357 2568 1459 2635; x_wconf 90' lang='lat' dir='ltr'><strong>Persa</strong></span> <span class='ocrx_word' id='word_1_121' title='bbox 1481 2572 1521 2634; x_wconf 80' lang='grc'><strong>16</strong></span> <span class='ocrx_word' id='word_1_122' title='bbox 1545 2569 1619 2635; x_wconf 87' lang='lat' dir='ltr'><strong>”ubi</strong></span> <span class='ocrx_word' id='word_1_123' title='bbox 1641 2571 1705 2636; x_wconf 90' lang='lat' dir='ltr'><strong>sint</strong></span> <span class='ocrx_word' id='word_1_124' title='bbox 1727 2575 2005 2654; x_wconf 82' lang='lat' dir='ltr'><strong>magi-stratus</strong></span> 
     </span>
     <span class='ocr_line' id='line_1_12' title="bbox 349 2668 2003 2758; baseline 0.001 -21"><span class='ocrx_word' id='word_1_125' title='bbox 349 2671 430 2756; x_wconf 83' lang='lat' dir='ltr'><strong>quds</strong></span> <span class='ocrx_word' id='word_1_126' title='bbox 462 2691 577 2736; x_wconf 90' lang='lat' dir='ltr'><strong>curare</strong></span> <span class='ocrx_word' id='word_1_127' title='bbox 610 2670 786 2754; x_wconf 81' lang='lat' dir='ltr'><strong>opdrteat”.</strong></span> <span class='ocrx_word' id='word_1_128' title='bbox 830 2670 921 2736; x_wconf 90' lang='lat' dir='ltr'><strong>ldem</strong></span> <span class='ocrx_word' id='word_1_129' title='bbox 953 2672 987 2736; x_wconf 93' lang='lat' dir='ltr'><strong>in</strong></span> <span class='ocrx_word' id='word_1_130' title='bbox 1020 2668 1093 2734; x_wconf 80' lang='lat' dir='ltr'><strong>Aul.</strong></span> <span class='ocrx_word' id='word_1_131' title='bbox 1127 2672 1165 2733; x_wconf 81' lang='grc'><strong>71</strong></span> <span class='ocrx_word' id='word_1_132' title='bbox 1195 2669 1360 2736; x_wconf 66' lang='lat' dir='ltr'><strong>”nd-sciri</strong></span> <span class='ocrx_word' id='word_1_133' title='bbox 1387 2670 1442 2754; x_wconf 93' lang='lat' dir='ltr'><strong>pol</strong></span> <span class='ocrx_word' id='word_1_134' title='bbox 1476 2692 1559 2756; x_wconf 92' lang='lat' dir='ltr'><strong>quae</strong></span> <span class='ocrx_word' id='word_1_135' title='bbox 1592 2671 1756 2740; x_wconf 85' lang='lat' dir='ltr'><strong>hdminem</strong></span> <span class='ocrx_word' id='word_1_136' title='bbox 1791 2673 2003 2758; x_wconf 74' lang='lat' dir='ltr'><strong>intemperiae</strong></span> 
     </span>
     <span class='ocr_line' id='line_1_13' title="bbox 325 2771 1746 2844; baseline -0.003 0"><span class='ocrx_word' id='word_1_137' title='bbox 325 2773 487 2844; x_wconf 85' lang='lat' dir='ltr'><strong>.tenent”.</strong></span> <span class='ocrx_word' id='word_1_138' title='bbox 532 2771 582 2837; x_wconf 81' lang='lat' dir='ltr'><strong>Ab</strong></span> <span class='ocrx_word' id='word_1_139' title='bbox 605 2771 909 2838; x_wconf 79' lang='lat' dir='ltr'><strong>*obs-tendendo</strong></span> <span class='ocrx_word' id='word_1_140' title='bbox 932 2773 1194 2839; x_wconf 67' lang='lat' dir='ltr'><strong>ostenderem</strong></span> <span class='ocrx_word' id='word_1_141' title='bbox 1222 2773 1307 2838; x_wconf 80' lang='lat' dir='ltr'><strong>dixit</strong></span> <span class='ocrx_word' id='word_1_142' title='bbox 1329 2773 1499 2840; x_wconf 88' lang='lat' dir='ltr'><strong>Terentius</strong></span> <span class='ocrx_word' id='word_1_143' title='bbox 1523 2773 1651 2842; x_wconf 90' lang='lat' dir='ltr'><strong>Phorm.</strong></span> <span class='ocrx_word' id='word_1_144' title='bbox 1675 2777 1746 2843; x_wconf 81' lang='lat'><strong>793.</strong></span> 
     </span>
    </p>
   </div>
   <div class='ocr_carea' id='block_1_3' title="bbox 283 2944 2006 3754">
    <p class='ocr_par' dir='ltr' id='par_1_3' title="bbox 283 2944 2006 3754">
     <span class='ocr_line' id='line_1_14' title="bbox 434 2944 2006 3033; baseline 0.002 -23"><span class='ocrx_word' id='word_1_145' title='bbox 434 2946 490 3010; x_wconf 85' lang='lat' dir='ltr'><strong>Ad</strong></span> <span class='ocrx_word' id='word_1_146' title='bbox 515 2967 552 3026; x_wconf 84' lang='lat' dir='ltr'><strong>p.</strong></span> <span class='ocrx_word' id='word_1_147' title='bbox 586 2945 636 3010; x_wconf 82' lang='lat'><strong>20.</strong></span> <span class='ocrx_word' id='word_1_148' title='bbox 685 2944 736 3010; x_wconf 89' lang='lat' dir='ltr'><strong>De</strong></span> <span class='ocrx_word' id='word_1_149' title='bbox 769 2965 810 3009; x_wconf 89' lang='lat' dir='ltr'><strong>re</strong></span> <span class='ocrx_word' id='word_1_150' title='bbox 842 2945 1005 3008; x_wconf 89' lang='lat' dir='ltr'><strong>metrica</strong></span> <span class='ocrx_word' id='word_1_151' title='bbox 1036 2965 1110 3010; x_wconf 89' lang='lat' dir='ltr'><strong>cum</strong></span> <span class='ocrx_word' id='word_1_152' title='bbox 1143 2949 1325 3010; x_wconf 89' lang='lat' dir='ltr'><strong>ceterorum</strong></span> <span class='ocrx_word' id='word_1_153' title='bbox 1359 2944 1587 3012; x_wconf 86' lang='lat' dir='ltr'><strong>Satumiorum</strong></span> <span class='ocrx_word' id='word_1_154' title='bbox 1619 2953 1690 3012; x_wconf 91' lang='lat' dir='ltr'><strong>tum</strong></span> <span class='ocrx_word' id='word_1_155' title='bbox 1723 2947 1897 3013; x_wconf 89' lang='lat' dir='ltr'><strong>Saliarium</strong></span> <span class='ocrx_word' id='word_1_156' title='bbox 1933 2954 2006 3033; x_wconf 90' lang='lat' dir='ltr'><strong>post</strong></span> 
     </span>
     <span class='ocr_line' id='line_1_15' title="bbox 349 3045 2005 3134; baseline 0 -20"><span class='ocrx_word' id='word_1_157' title='bbox 349 3049 459 3134; x_wconf 91' lang='lat' dir='ltr'><strong>paullo</strong></span> <span class='ocrx_word' id='word_1_158' title='bbox 481 3048 664 3130; x_wconf 85' lang='lat' dir='ltr'><strong>disputabo.</strong></span> <span class='ocrx_word' id='word_1_159' title='bbox 710 3047 771 3112; x_wconf 89' lang='lat' dir='ltr'><strong>Hic</strong></span> <span class='ocrx_word' id='word_1_160' title='bbox 793 3049 895 3128; x_wconf 85' lang='lat' dir='ltr'><strong>igitur</strong></span> <span class='ocrx_word' id='word_1_161' title='bbox 918 3046 1129 3112; x_wconf 81' lang='lat' dir='ltr'><strong>hortantum</strong></span> <span class='ocrx_word' id='word_1_162' title='bbox 1152 3045 1290 3125; x_wconf 86' lang='lat' dir='ltr'><strong>affirmo,</strong></span> <span class='ocrx_word' id='word_1_163' title='bbox 1313 3046 1399 3131; x_wconf 91' lang='lat' dir='ltr'><strong>quod</strong></span> <span class='ocrx_word' id='word_1_164' title='bbox 1422 3068 1514 3114; x_wconf 91' lang='lat' dir='ltr'><strong>nemo</strong></span> <span class='ocrx_word' id='word_1_165' title='bbox 1536 3069 1599 3112; x_wconf 89' lang='lat' dir='ltr'><strong>non</strong></span> <span class='ocrx_word' id='word_1_166' title='bbox 1622 3047 1723 3128; x_wconf 88' lang='lat' dir='ltr'><strong>uidet,</strong></span> <span class='ocrx_word' id='word_1_167' title='bbox 1746 3071 1800 3115; x_wconf 91' lang='lat' dir='ltr'><strong>eos</strong></span> <span class='ocrx_word' id='word_1_168' title='bbox 1822 3069 1903 3132; x_wconf 89' lang='lat' dir='ltr'><strong>quos</strong></span> <span class='ocrx_word' id='word_1_169' title='bbox 1918 3049 2005 3115; x_wconf 92' lang='lat' dir='ltr'><strong>edidi</strong></span> 
     </span>
     <span class='ocr_line' id='line_1_16' title="bbox 350 3146 2004 3232; baseline 0.001 -18"><span class='ocrx_word' id='word_1_170' title='bbox 350 3151 520 3216; x_wconf 84' lang='lat' dir='ltr'><strong>Saturnios</strong></span> <span class='ocrx_word' id='word_1_171' title='bbox 553 3149 595 3213; x_wconf 89' lang='lat' dir='ltr'><strong>ad</strong></span> <span class='ocrx_word' id='word_1_172' title='bbox 628 3147 831 3214; x_wconf 90' lang='lat' dir='ltr'><strong>recitandum</strong></span> <span class='ocrx_word' id='word_1_173' title='bbox 865 3169 933 3213; x_wconf 86' lang='lat' dir='ltr'><strong>esse</strong></span> <span class='ocrx_word' id='word_1_174' title='bbox 967 3146 1079 3213; x_wconf 87' lang='lat' dir='ltr'><strong>faciles</strong></span> <span class='ocrx_word' id='word_1_175' title='bbox 1112 3153 1146 3212; x_wconf 90' lang='lat' dir='ltr'><strong>et</strong></span> <span class='ocrx_word' id='word_1_176' title='bbox 1177 3147 1281 3213; x_wconf 85' lang='lat' dir='ltr'><strong>iactos</strong></span> <span class='ocrx_word' id='word_1_177' title='bbox 1313 3147 1441 3232; x_wconf 87' lang='lat' dir='ltr'><strong>legibus</strong></span> <span class='ocrx_word' id='word_1_178' title='bbox 1474 3149 1698 3214; x_wconf 88' lang='lat' dir='ltr'><strong>communibus</strong></span> <span class='ocrx_word' id='word_1_179' title='bbox 1731 3151 1827 3216; x_wconf 87' lang='lat' dir='ltr'><strong>metri</strong></span> <span class='ocrx_word' id='word_1_180' title='bbox 1850 3149 2004 3216; x_wconf 87' lang='lat' dir='ltr'><strong>Saturnii.</strong></span> 
     </span>
     <span class='ocr_line' id='line_1_17' title="bbox 350 3250 2006 3337; baseline 0.001 -21"><span class='ocrx_word' id='word_1_181' title='bbox 350 3253 433 3320; x_wconf 89' lang='lat' dir='ltr'><strong>Nam</strong></span> <span class='ocrx_word' id='word_1_182' title='bbox 467 3273 535 3318; x_wconf 85' lang='lat' dir='ltr'><strong>esee</strong></span> <span class='ocrx_word' id='word_1_183' title='bbox 558 3251 658 3317; x_wconf 90' lang='lat' dir='ltr'><strong>etiam</strong></span> <span class='ocrx_word' id='word_1_184' title='bbox 681 3251 850 3316; x_wconf 85' lang='lat' dir='ltr'><strong>Saturnios</strong></span> <span class='ocrx_word' id='word_1_185' title='bbox 872 3253 941 3317; x_wconf 87' lang='lat' dir='ltr'><strong>sins</strong></span> <span class='ocrx_word' id='word_1_186' title='bbox 964 3251 1125 3329; x_wconf 89' lang='lat' dir='ltr'><strong>anacrusi‚</strong></span> <span class='ocrx_word' id='word_1_187' title='bbox 1147 3251 1416 3316; x_wconf 85' lang='lat' dir='ltr'><strong>commentatione</strong></span> <span class='ocrx_word' id='word_1_188' title='bbox 1438 3272 1477 3316; x_wconf 89' lang='lat' dir='ltr'><strong>ea</strong></span> <span class='ocrx_word' id='word_1_189' title='bbox 1500 3271 1597 3332; x_wconf 90' lang='lat' dir='ltr'><strong>quam</strong></span> <span class='ocrx_word' id='word_1_190' title='bbox 1620 3250 1688 3316; x_wconf 86' lang='lat' dir='ltr'><strong>dixi</strong></span> <span class='ocrx_word' id='word_1_191' title='bbox 1711 3251 1824 3331; x_wconf 80' lang='lat' dir='ltr'><strong>multis</strong></span> <span class='ocrx_word' id='word_1_192' title='bbox 1849 3253 2006 3337; x_wconf 87' lang='lat' dir='ltr'><strong>exemplis</strong></span> 
     </span>
     <span class='ocr_line' id='line_1_18' title="bbox 350 3348 2006 3442; baseline 0 -22"><span class='ocrx_word' id='word_1_193' title='bbox 350 3354 587 3420; x_wconf 79' lang='lat' dir='ltr'><strong>denronstrabo</strong></span> <span class='ocrx_word' id='word_1_194' title='bbox 631 3352 723 3431; x_wconf 80' lang='lat' dir='ltr'><strong>Quod</strong></span> <span class='ocrx_word' id='word_1_195' title='bbox 755 3354 783 3418; x_wconf 86' lang='lat' dir='ltr'><strong>si</strong></span> <span class='ocrx_word' id='word_1_196' title='bbox 817 3352 871 3417; x_wconf 90' lang='lat' dir='ltr'><strong>cni</strong></span> <span class='ocrx_word' id='word_1_197' title='bbox 904 3353 1057 3418; x_wconf 85' lang='lat' dir='ltr'><strong>uideatur</strong></span> <span class='ocrx_word' id='word_1_198' title='bbox 1090 3351 1190 3416; x_wconf 77' lang='grc'>162.</span> <span class='ocrx_word' id='word_1_199' title='bbox 1214 3352 1347 3418; x_wconf 88' lang='lat' dir='ltr'><strong>Verom</strong></span> <span class='ocrx_word' id='word_1_200' title='bbox 1383 3351 1429 3417; x_wconf 78' lang='lat' dir='ltr'><strong>ad</strong></span> <span class='ocrx_word' id='word_1_201' title='bbox 1462 3348 1571 3436; x_wconf 74' lang='lat' dir='ltr'><strong>patra*</strong></span> <span class='ocrx_word' id='word_1_202' title='bbox 1597 3350 2006 3442; x_wconf 74' lang='grc'>6066116111116661</span> 
     </span>
     <span class='ocr_line' id='line_1_19' title="bbox 349 3453 2006 3542; baseline 0.001 -22"><span class='ocrx_word' id='word_1_203' title='bbox 349 3457 464 3522; x_wconf 79' lang='lat' dir='ltr'><strong>Ianos</strong></span> <span class='ocrx_word' id='word_1_204' title='bbox 497 3455 609 3539; x_wconf 87' lang='lat' dir='ltr'><strong>paullo</strong></span> <span class='ocrx_word' id='word_1_205' title='bbox 642 3455 807 3521; x_wconf 87' lang='lat' dir='ltr'><strong>difficilior</strong></span> <span class='ocrx_word' id='word_1_206' title='bbox 839 3455 882 3520; x_wconf 89' lang='lat' dir='ltr'><strong>ad</strong></span> <span class='ocrx_word' id='word_1_207' title='bbox 916 3453 1144 3542; x_wconf 65' lang='lat' dir='ltr'><strong>recitandum.</strong></span> <span class='ocrx_word' id='word_1_208' title='bbox 1164 3455 1303 3538; x_wconf 88' lang='lat' dir='ltr'><strong>exempli</strong></span> <span class='ocrx_word' id='word_1_209' title='bbox 1337 3474 1436 3519; x_wconf 88' lang='lat' dir='ltr'><strong>causa</strong></span> <span class='ocrx_word' id='word_1_210' title='bbox 1462 3454 1503 3518; x_wconf 90' lang='lat' dir='ltr'><strong>ad</strong></span> <span class='ocrx_word' id='word_1_211' title='bbox 1527 3458 1802 3538; x_wconf 88' lang='lat' dir='ltr'><strong>comparationem</strong></span> <span class='ocrx_word' id='word_1_212' title='bbox 1825 3456 1926 3522; x_wconf 89' lang='lat' dir='ltr'><strong>affero</strong></span> <span class='ocrx_word' id='word_1_213' title='bbox 1949 3459 2006 3522; x_wconf 88' lang='lat' dir='ltr'><strong>hoe</strong></span> 
     </span>
     <span class='ocr_line' id='line_1_20' title="bbox 283 3555 2005 3642; baseline 0.001 -19"><span class='ocrx_word' id='word_1_214' title='bbox 283 3577 285 3586; x_wconf 82' lang='grc'><strong>’</strong></span> <span class='ocrx_word' id='word_1_215' title='bbox 350 3557 541 3636; x_wconf 80' lang='lat' dir='ltr'><strong>simillimos,</strong></span> <span class='ocrx_word' id='word_1_216' title='bbox 557 3557 699 3623; x_wconf 84' lang='lat' dir='ltr'><strong>alterum</strong></span> <span class='ocrx_word' id='word_1_217' title='bbox 722 3555 828 3622; x_wconf 87' lang='lat' dir='ltr'><strong>Naeui</strong></span> <span class='ocrx_word' id='word_1_218' title='bbox 850 3559 890 3622; x_wconf 87' lang='lat' dir='ltr'><strong>de</strong></span> <span class='ocrx_word' id='word_1_219' title='bbox 912 3556 999 3621; x_wconf 87' lang='lat' dir='ltr'><strong>bello</strong></span> <span class='ocrx_word' id='word_1_220' title='bbox 1022 3555 1159 3621; x_wconf 89' lang='lat' dir='ltr'><strong>Poenico</strong></span> <span class='ocrx_word' id='word_1_221' title='bbox 1181 3577 1233 3640; x_wconf 89' lang='lat' dir='ltr'><strong>ap.</strong></span> <span class='ocrx_word' id='word_1_222' title='bbox 1256 3555 1458 3622; x_wconf 84' lang='lat' dir='ltr'><strong>Prisciannm</strong></span> <span class='ocrx_word' id='word_1_223' title='bbox 1481 3555 1497 3619; x_wconf 95' lang='lat' dir='ltr'><strong>l</strong></span> <span class='ocrx_word' id='word_1_224' title='bbox 1521 3555 1635 3622; x_wconf 78' lang='grc'>23411</span> <span class='ocrx_word' id='word_1_225' title='bbox 1657 3558 1834 3642; x_wconf 78' lang='lat' dir='ltr'><strong>Magnam</strong></span> <span class='ocrx_word' id='word_1_226' title='bbox 1857 3560 2005 3626; x_wconf 78' lang='lat' dir='ltr'><strong>domum</strong></span> 
     </span>
     <span class='ocr_line' id='line_1_21' title="bbox 351 3655 2006 3754; baseline -0.001 -28"><span class='ocrx_word' id='word_1_227' title='bbox 351 3660 602 3744; x_wconf 71' lang='lat' dir='ltr'><strong>decoramque</strong></span> <span class='ocrx_word' id='word_1_228' title='bbox 624 3660 638 3747; x_wconf 78' lang='grc' dir='ltr'><strong>ΙΙ</strong></span> <span class='ocrx_word' id='word_1_229' title='bbox 661 3661 778 3726; x_wconf 89' lang='lat' dir='ltr'><strong>ditem</strong></span> <span class='ocrx_word' id='word_1_230' title='bbox 813 3659 1019 3738; x_wconf 72' lang='lat' dir='ltr'><strong>uexerant3</strong></span> <span class='ocrx_word' id='word_1_231' title='bbox 1053 3658 1195 3724; x_wconf 90' lang='lat' dir='ltr'><strong>alterum</strong></span> <span class='ocrx_word' id='word_1_232' title='bbox 1228 3661 1269 3725; x_wconf 88' lang='lat' dir='ltr'><strong>de</strong></span> <span class='ocrx_word' id='word_1_233' title='bbox 1291 3658 1438 3744; x_wconf 89' lang='lat' dir='ltr'><strong>sepulcro</strong></span> <span class='ocrx_word' id='word_1_234' title='bbox 1460 3655 1593 3723; x_wconf 88' lang='lat' dir='ltr'><strong>Caecilii</strong></span> <span class='ocrx_word' id='word_1_235' title='bbox 1615 3657 1648 3723; x_wconf 82' lang='lat'><strong>0.</strong></span> <span class='ocrx_word' id='word_1_236' title='bbox 1673 3658 1699 3723; x_wconf 85' lang='lat'><strong>1.</strong></span> <span class='ocrx_word' id='word_1_237' title='bbox 1723 3659 1758 3725; x_wconf 86' lang='lat' dir='ltr'><strong>L.</strong></span> <span class='ocrx_word' id='word_1_238' title='bbox 1781 3660 1798 3724; x_wconf 97' lang='grc' dir='ltr'>Ι</span> <span class='ocrx_word' id='word_1_239' title='bbox 1822 3662 1902 3754; x_wconf 88' lang='grc'>1006</span> <span class='ocrx_word' id='word_1_240' title='bbox 1929 3661 2006 3728; x_wconf 88' lang='lat' dir='ltr'><strong>Hoc</strong></span> 
     </span>
    </p>
   </div>
   <div class='ocr_carea' id='block_1_4' title="bbox 350 3756 2007 4357">
    <p class='ocr_par' dir='ltr' id='par_1_4' title="bbox 350 3756 2007 4068">
     <span class='ocr_line' id='line_1_22' title="bbox 350 3756 2007 3865; baseline -0.001 -17"><span class='ocrx_word' id='word_1_241' title='bbox 350 3781 408 3848; x_wconf 76' lang='grc'><strong>611</strong></span> <span class='ocrx_word' id='word_1_242' title='bbox 430 3781 575 3845; x_wconf 79' lang='lat' dir='ltr'><strong>factum</strong></span> <span class='ocrx_word' id='word_1_243' title='bbox 597 3779 878 3844; x_wconf 71' lang='lat' dir='ltr'><strong>monimentum</strong></span> <span class='ocrx_word' id='word_1_244' title='bbox 899 3776 1059 3865; x_wconf 74' lang='grc' dir='ltr'>ΙΙΜ11166</span> <span class='ocrx_word' id='word_1_245' title='bbox 1082 3756 1255 3842; x_wconf 66' lang='lat' dir='ltr'><strong>caicili‘d.</strong></span> <span class='ocrx_word' id='word_1_246' title='bbox 1300 3778 1396 3844; x_wconf 90' lang='lat' dir='ltr'><strong>Prius</strong></span> <span class='ocrx_word' id='word_1_247' title='bbox 1418 3778 1656 3844; x_wconf 89' lang='lat' dir='ltr'><strong>hemistichium</strong></span> <span class='ocrx_word' id='word_1_248' title='bbox 1679 3779 1781 3862; x_wconf 89' lang='lat' dir='ltr'><strong>priori</strong></span> <span class='ocrx_word' id='word_1_249' title='bbox 1803 3780 2007 3846; x_wconf 89' lang='lat' dir='ltr'><strong>hemistichio</strong></span> 
     </span>
     <span class='ocr_line' id='line_1_23' title="bbox 351 3876 2006 3967; baseline -0.001 -19"><span class='ocrx_word' id='word_1_250' title='bbox 351 3884 425 3948; x_wconf 90' lang='lat' dir='ltr'><strong>huic</strong></span> <span class='ocrx_word' id='word_1_251' title='bbox 458 3882 498 3948; x_wconf 92' lang='lat' dir='ltr'><strong>de</strong></span> <span class='ocrx_word' id='word_1_252' title='bbox 531 3881 646 3948; x_wconf 88' lang='lat' dir='ltr'><strong>tabula</strong></span> <span class='ocrx_word' id='word_1_253' title='bbox 673 3881 794 3966; x_wconf 82' lang='lat' dir='ltr'><strong>Regilli</strong></span> <span class='ocrx_word' id='word_1_254' title='bbox 815 3903 866 3966; x_wconf 90' lang='lat' dir='ltr'><strong>ap.</strong></span> <span class='ocrx_word' id='word_1_255' title='bbox 891 3879 981 3946; x_wconf 85' lang='lat' dir='ltr'><strong>Caes.</strong></span> <span class='ocrx_word' id='word_1_256' title='bbox 1005 3878 1141 3944; x_wconf 89' lang='lat' dir='ltr'><strong>Bassum</strong></span> <span class='ocrx_word' id='word_1_257' title='bbox 1162 3899 1194 3961; x_wconf 91' lang='lat' dir='ltr'><strong>p.</strong></span> <span class='ocrx_word' id='word_1_258' title='bbox 1220 3879 1267 3943; x_wconf 92' lang='grc'>10.</span> <span class='ocrx_word' id='word_1_259' title='bbox 1295 3876 1332 3943; x_wconf 89' lang='grc'>13</span> <span class='ocrx_word' id='word_1_260' title='bbox 1355 3877 1384 3942; x_wconf 90' lang='grc' dir='ltr'><strong>Κ</strong></span> <span class='ocrx_word' id='word_1_261' title='bbox 1407 3877 1533 3963; x_wconf 86' lang='lat' dir='ltr'><strong>pariter</strong></span> <span class='ocrx_word' id='word_1_262' title='bbox 1554 3885 1588 3944; x_wconf 95' lang='lat' dir='ltr'><strong>et</strong></span> <span class='ocrx_word' id='word_1_263' title='bbox 1610 3880 1796 3961; x_wconf 88' lang='lat' dir='ltr'><strong>aequaliter</strong></span> <span class='ocrx_word' id='word_1_264' title='bbox 1817 3881 2006 3967; x_wconf 86' lang='lat' dir='ltr'><strong>respondet:</strong></span> 
     </span>
     <span class='ocr_line' id='line_1_24' title="bbox 350 3981 925 4068; baseline -0.014 -19"><span class='ocrx_word' id='word_1_265' title='bbox 350 3981 482 4048; x_wconf 84' lang='lat' dir='ltr'><strong>duelld</strong></span> <span class='ocrx_word' id='word_1_266' title='bbox 506 3982 641 4066; x_wconf 83' lang='lat' dir='ltr'><strong>magud</strong></span> <span class='ocrx_word' id='word_1_267' title='bbox 664 3982 879 4048; x_wconf 75' lang='lat' dir='ltr'><strong>dirimdndo</strong></span> <span class='ocrx_word' id='word_1_268' title='bbox 903 3981 925 4068; x_wconf 82' lang='grc' dir='ltr'><strong>ΙΙ.</strong></span> 
     </span>
    </p>

    <p class='ocr_par' dir='ltr' id='par_1_5' title="bbox 351 4083 2006 4357">
     <span class='ocr_line' id='line_1_25' title="bbox 435 4083 2004 4172; baseline 0.001 -20"><span class='ocrx_word' id='word_1_269' title='bbox 435 4086 543 4167; x_wconf 74' lang='lat' dir='ltr'><strong>nap.</strong></span> <span class='ocrx_word' id='word_1_270' title='bbox 565 4085 910 4168; x_wconf 64' lang='grc'>201161616-116116.</span> <span class='ocrx_word' id='word_1_271' title='bbox 953 4083 1002 4150; x_wconf 84' lang='lat' dir='ltr'><strong>cf.</strong></span> <span class='ocrx_word' id='word_1_272' title='bbox 1025 4084 1058 4149; x_wconf 81' lang='lat'><strong>0.</strong></span> <span class='ocrx_word' id='word_1_273' title='bbox 1082 4085 1107 4150; x_wconf 93' lang='grc' dir='ltr'><strong>Ι.</strong></span> <span class='ocrx_word' id='word_1_274' title='bbox 1130 4083 1165 4148; x_wconf 84' lang='lat' dir='ltr'><strong>L.</strong></span> <span class='ocrx_word' id='word_1_275' title='bbox 1190 4084 1206 4149; x_wconf 92' lang='lat'>1</span> <span class='ocrx_word' id='word_1_276' title='bbox 1230 4084 1321 4166; x_wconf 79' lang='lat'>1431,</span> <span class='ocrx_word' id='word_1_277' title='bbox 1349 4083 1441 4148; x_wconf 87' lang='lat' dir='ltr'><strong>cuius</strong></span> <span class='ocrx_word' id='word_1_278' title='bbox 1464 4083 1553 4150; x_wconf 88' lang='lat' dir='ltr'><strong>tituli</strong></span> <span class='ocrx_word' id='word_1_279' title='bbox 1575 4089 1626 4150; x_wconf 86' lang='lat' dir='ltr'><strong>est</strong></span> <span class='ocrx_word' id='word_1_280' title='bbox 1647 4105 1762 4152; x_wconf 88' lang='lat' dir='ltr'><strong>uersus</strong></span> <span class='ocrx_word' id='word_1_281' title='bbox 1784 4086 1830 4152; x_wconf 89' lang='lat' dir='ltr'><strong>sio</strong></span> <span class='ocrx_word' id='word_1_282' title='bbox 1852 4087 2004 4172; x_wconf 85' lang='lat' dir='ltr'><strong>scriptus:</strong></span> 
     </span>
     <span class='ocr_line' id='line_1_26' title="bbox 351 4180 2006 4269; baseline 0.002 -17"><span class='ocrx_word' id='word_1_283' title='bbox 351 4188 441 4252; x_wconf 82' lang='lat' dir='ltr'><strong>”curn</strong></span> <span class='ocrx_word' id='word_1_284' title='bbox 465 4187 521 4254; x_wconf 91' lang='lat' dir='ltr'><strong>diu</strong></span> <span class='ocrx_word' id='word_1_285' title='bbox 543 4187 781 4254; x_wconf 87' lang='lat' dir='ltr'><strong>ambulareis</strong></span> <span class='ocrx_word' id='word_1_286' title='bbox 802 4194 913 4252; x_wconf 89' lang='lat' dir='ltr'><strong>tamon</strong></span> <span class='ocrx_word' id='word_1_287' title='bbox 935 4187 995 4252; x_wconf 90' lang='lat' dir='ltr'><strong>hoc</strong></span> <span class='ocrx_word' id='word_1_288' title='bbox 1018 4186 1250 4252; x_wconf 88' lang='lat' dir='ltr'><strong>ueniundumst</strong></span> <span class='ocrx_word' id='word_1_289' title='bbox 1272 4185 1362 4263; x_wconf 88' lang='lat' dir='ltr'><strong>tibi&#39;&#39;,</strong></span> <span class='ocrx_word' id='word_1_290' title='bbox 1377 4186 1422 4252; x_wconf 89' lang='lat' dir='ltr'><strong>sic</strong></span> <span class='ocrx_word' id='word_1_291' title='bbox 1438 4187 1640 4254; x_wconf 88' lang='lat' dir='ltr'><strong>recitandus:</strong></span> <span class='ocrx_word' id='word_1_292' title='bbox 1664 4208 1737 4253; x_wconf 92' lang='lat' dir='ltr'><strong>cum</strong></span> <span class='ocrx_word' id='word_1_293' title='bbox 1752 4180 1811 4254; x_wconf 80' lang='lat' dir='ltr'><strong>dtu</strong></span> <span class='ocrx_word' id='word_1_294' title='bbox 1825 4189 2006 4269; x_wconf 72' lang='lat' dir='ltr'><strong>cantaras,</strong></span> 
     </span>
     <span class='ocr_line' id='line_1_27' title="bbox 351 4290 900 4357; baseline -0.007 -2"><span class='ocrx_word' id='word_1_295' title='bbox 351 4291 460 4357; x_wconf 78' lang='lat' dir='ltr'><strong>tamen</strong></span> <span class='ocrx_word' id='word_1_296' title='bbox 483 4291 542 4357; x_wconf 91' lang='lat' dir='ltr'><strong>hoc</strong></span> <span class='ocrx_word' id='word_1_297' title='bbox 565 4291 793 4357; x_wconf 82' lang='lat' dir='ltr'><strong>venianddmst</strong></span> <span class='ocrx_word' id='word_1_298' title='bbox 815 4290 900 4354; x_wconf 60' lang='lat' dir='ltr'><strong>tibia</strong></span> 
     </span>
    </p>
   </div>
   <div class='ocr_carea' id='block_1_5' title="bbox 352 4488 2007 4659">
    <p class='ocr_par' dir='ltr' id='par_1_6' title="bbox 352 4488 2007 4659">
     <span class='ocr_line' id='line_1_28' title="bbox 436 4488 2007 4575; baseline 0.004 -20"><span class='ocrx_word' id='word_1_299' title='bbox 436 4489 491 4555; x_wconf 79' lang='lat' dir='ltr'><strong>Aa</strong></span> <span class='ocrx_word' id='word_1_300' title='bbox 506 4509 543 4572; x_wconf 84' lang='lat' dir='ltr'><strong>p.</strong></span> <span class='ocrx_word' id='word_1_301' title='bbox 565 4495 612 4556; x_wconf 82' lang='grc'><strong>32</strong></span> <span class='ocrx_word' id='word_1_302' title='bbox 634 4511 691 4574; x_wconf 67' lang='lat' dir='ltr'><strong>aa,</strong></span> <span class='ocrx_word' id='word_1_303' title='bbox 714 4495 812 4554; x_wconf 78' lang='lat' dir='ltr'><strong>canta</strong></span> <span class='ocrx_word' id='word_1_304' title='bbox 855 4488 904 4554; x_wconf 82' lang='grc'><strong>01.</strong></span> <span class='ocrx_word' id='word_1_305' title='bbox 927 4489 1027 4556; x_wconf 92' lang='lat' dir='ltr'><strong>etiam</strong></span> <span class='ocrx_word' id='word_1_306' title='bbox 1049 4511 1088 4555; x_wconf 90' lang='lat' dir='ltr'><strong>ea</strong></span> <span class='ocrx_word' id='word_1_307' title='bbox 1110 4491 1205 4557; x_wconf 88' lang='lat' dir='ltr'><strong>huius</strong></span> <span class='ocrx_word' id='word_1_308' title='bbox 1227 4492 1356 4575; x_wconf 82' lang='lat' dir='ltr'><strong>generis</strong></span> <span class='ocrx_word' id='word_1_309' title='bbox 1377 4491 1526 4575; x_wconf 88' lang='lat' dir='ltr'><strong>exempla</strong></span> <span class='ocrx_word' id='word_1_310' title='bbox 1548 4511 1631 4574; x_wconf 87' lang='lat' dir='ltr'><strong>quae</strong></span> <span class='ocrx_word' id='word_1_311' title='bbox 1654 4492 1769 4559; x_wconf 86' lang='lat' dir='ltr'><strong>attulit</strong></span> <span class='ocrx_word' id='word_1_312' title='bbox 1791 4493 1900 4560; x_wconf 89' lang='lat' dir='ltr'><strong>Hauet</strong></span> <span class='ocrx_word' id='word_1_313' title='bbox 1923 4493 2007 4561; x_wconf 84' lang='lat' dir='ltr'><strong>MSL</strong></span> 
     </span>
     <span class='ocr_line' id='line_1_29' title="bbox 352 4593 565 4659; baseline -0.014 0"><span class='ocrx_word' id='word_1_314' title='bbox 352 4594 396 4659; x_wconf 81' lang='lat' dir='ltr'><strong>IV</strong></span> <span class='ocrx_word' id='word_1_315' title='bbox 421 4593 500 4656; x_wconf 73' lang='lat'><strong>231.</strong></span> <span class='ocrx_word' id='word_1_316' title='bbox 553 4615 565 4630; x_wconf 88' lang='grc'><em>·</em></span> 
     </span>
    </p>
   </div>
   <div class='ocr_carea' id='block_1_6' title="bbox 0 0 2356 6114">
    <p class='ocr_par' dir='ltr' id='par_1_7' title="bbox 0 0 2356 6114">
     <span class='ocr_line' id='line_1_30' title="bbox 0 0 2356 6114; baseline 0 0"><span class='ocrx_word' id='word_1_317' title='bbox 0 0 2356 6114; x_wconf 95' lang='lat' dir='ltr'><strong> </strong></span> 
     </span>
    </p>
   </div>
  </div>
 </body>
</html>
