4694 6114
1117 587 1154 650 15

305 761 439 840 propter
461 755 709 840 ambiguitatem
734 755 871 821 nominis
894 754 1073 820 Penatium.
1117 753 1219 819 Sacra
1251 753 1381 834 quidem
1406 751 1576 818 Penatium
1607 771 1669 818 nou
1692 753 1773 818 nihil
1795 754 1837 820 ad
1860 753 1964 820 Salios

305 861 502 950 pertinuisse
536 881 576 925 ex
609 881 646 926 ιο
680 862 748 942 ipso
781 859 902 924 conicio
936 859 1022 941 quod
1055 863 1181 941 ponunt
1214 854 1396 921 '’nonnulli”
1429 876 1481 937 ap.
1508 853 1598 918 Seru.
1627 854 1667 918 ad
1691 855 1771 922 Aen.
1797 857 1878 922 VIII
1902 859 1963 922 285

306 962 364 1027 hos
397 984 417 1026 a
450 961 604 1028 Dardano
638 962 816 1037 institutos
849 963 904 1044 qui
933 959 1200 1025 Samotbrucibus
1222 958 1273 1034 dis
1295 978 1388 1022 sacra
1410 955 1642 1040 persoluerent.
1687 955 1734 1020 cf.
1758 958 1844 1026 Plut.
1868 957 1992 1046 Num„

306 1085 336 1146 p.
361 1064 433 1142 135,
456 1066 475 1128 8
499 1063 529 1127 S.
575 1062 755 1146 Corruptus
777 1084 815 1127 ae
838 1063 1051 1147 perturbatus
1073 1061 1162 1126 locus
1185 1068 1234 1126 est
1257 1059 1451 1125 scholiastae
1474 1059 1507 1122 P.
1531 1058 1677 1124 Danielis
1699 1059 1740 1124 ad
1760 1061 1835 1126 Aen.
1851 1059 1885 1123 Il
1902 1063 1964 1126 395

307 1165 358 1230 ”et
391 1165 619 1232 Samothraces
654 1165 768 1230 horum
803 1167 900 1248 (quos
934 1166 1059 1230 Aeneas
1082 1163 1229 1238 aduexit)
1253 1164 1419 1247 penatium
1442 1164 1608 1228 antistites
1629 1185 1704 1228 suos
1725 1163 1770 1244 (l)
1791 1165 1964 1238 uocabant,

307 1271 362 1352 qui
385 1275 497 1352 postea
520 1293 538 1334 a
562 1270 715 1334 Romanis
738 1267 817 1332 Salii
840 1266 997 1352 appellati
1021 1273 1106 1338 sunt,
1124 1267 1157 1330 hi
1172 1267 1256 1332 enirn
1273 1285 1366 1330 sacra
1382 1265 1550 1330 Penatium
1572 1265 1762 1346 curabant'';
1779 1273 1887 1332 tamen
1905 1267 1965 1333 boc

307 1395 369 1440 non
392 1373 434 1437 ab
457 1373 526 1456 ipso
549 1372 680 1454 quidem
704 1391 773 1436 esse
796 1369 905 1434 fictum
929 1375 1066 1452 apparet
1088 1368 1173 1450 quod
1197 1367 1238 1432 ad
1262 1367 1322 1432 hoc
1344 1365 1498 1432 scholium
1520 1374 1553 1431 et
1568 1367 1726 1432 Varronis
1743 1373 1776 1434 et
1791 1367 1916 1452 Nigidii
1931 1373 1965 1434 et

307 1471 412 1540 (laesii
434 1473 584 1540 doctrina
606 1495 682 1540 usus
706 1477 764 1538 est.
810 1471 902 1536 Idem
926 1471 1009 1535 e'nim
1035 1469 1210 1534 scholiasta
1232 1469 1278 1534 sic
1299 1469 1408 1552 pergit
1430 1469 1550 1534 dicere:
1573 1469 1671 1550 ”quos
1695 1475 1802 1536 tamen
1826 1470 1965 1536 Penates

307 1577 363 1644 alii
396 1576 576 1660 Apollinem
612 1580 645 1640 et
681 1573 867 1658 Neptunum
901 1573 1030 1646 uolunt;
1065 1571 1122 1637 alii
1155 1573 1304 1636 hastatos
1337 1593 1416 1648 esse,
1450 1577 1482 1638 et
1505 1573 1537 1638 in
1561 1574 1651 1656 regia
1674 1575 1795 1656 positos
1818 1573 1963 1638 tradunt.

306 1679 401 1745 Tusci
435 1679 574 1744 Penates
607 1675 755 1740 Cererem
780 1674 890 1740 Palem
925 1680 959 1740 et
992 1673 1169 1739 Fortunam
1192 1694 1261 1738 esse
1284 1673 1423 1740 dicunt”.
1467 1673 1551 1738 Nam
1574 1673 1724 1756 Nigidius
1746 1693 1797 1759 ap.
1822 1675 1964 1742 Macrob.

306 1781 371 1846 III.
406 1782 433 1843 4.
459 1781 486 1843 6.
521 1785 656 1863 penates
689 1777 902 1843 Troianorum
926 1777 1007 1842 dicit
1028 1797 1097 1842 esse
1121 1776 1303 1858 Apollinem
1327 1783 1360 1842 et
1381 1775 1583 1859 Neptunum;
1607 1777 1730 1842 hastati
1753 1783 1863 1843 autem
1887 1783 1964 1844 sunt

307 1883 356 1948 illi
389 1877 518 1946 νεανίαι
550 1877 611 1946 δύο
644 1878 828 1964 καθήμενοι
865 1876 989 1964 δόρατα
1026 1875 1246 1964 διειληφότες,
1284 1899 1364 1962 qnos
1399 1879 1555 1963 templum
1588 1899 1681 1944 suum
1717 1878 1837 1945 habere
1864 1887 1897 1946 et
1930 1883 1963 1945 in

307 1985 434 2068 aliquot
465 1983 597 2066 templis
630 1983 771 2048 romanis
805 1981 945 2063 conspici
972 1980 1144 2066 Dionysius
1171 1979 1281 2064 Antiq.
1306 2002 1384 2046 rom.
1413 1981 1440 2045 I.
1464 1983 1503 2046 67
1528 2002 1598 2065 sqq.
1622 1981 1718 2060 dioit3
1741 1981 1865 2046 confusi
1888 1987 1965 2047 sunt

307 2107 402 2170 saepe
425 2086 458 2150 hi
481 2093 515 2151 et
536 2085 651 2151 Castor
673 2083 865 2168 Polluxqua
888 2105 968 2168 quos
992 2083 1097 2150 Varro
1119 2105 1170 2166 ap.
1195 2083 1286 2148 Seru.
1310 2083 1362 2148 ad.
1391 2083 1468 2149 Aen.
1492 2083 1561 2150 III.
1584 2085 1623 2148 12
1645 2103 1780 2166 magnos
1803 2083 1879 2148 deos
1895 2105 1964 2149 esse

307 2189 396 2268 dicit,
430 2186 558 2254 eosdem
592 2185 746 2264 Penates3
772 2184 905 2250 Caesius
928 2185 1066 2269 deniqne
1089 2207 1141 2268 ap.
1165 2185 1287 2250 Arnob.
1310 2184 1373 2250 Ill.
1396 2185 1437 2249 40
1459 2185 1636 2250 Fortunam
1660 2189 1694 2249 et
1715 2181 1875 2263 Cererem,
1898 2184 1962 2249 Ge-

307 2294 394 2356 nium
428 2289 586 2355 Iouialem
615 2310 654 2354 ac
675 2288 787 2355 Palem
810 2295 946 2372 penates
964 2279 1122 2354 nominat.
1167 2287 1230 2352 Sed
1252 2309 1293 2353 ex
1316 2289 1407 2354 nulla
1429 2289 1546 2354 harum
1568 2289 1735 2353 rationum
1757 2287 1963 2372 intellegitur

306 2415 365 2458 cur
398 2391 477 2457 Salii
510 2411 603 2455 sacra
638 2389 809 2455 Penatium
844 2411 959 2454 curare
988 2389 1149 2452 dicantur.
1196 2389 1241 2452 Ac
1263 2390 1369 2472 magis
1391 2413 1431 2456 ex
1453 2413 1490 2456 ιο
1513 2389 1589 2455 talis
1612 2391 1721 2475 opinio
1744 2391 1832 2456 nasci
1856 2391 1963 2474 potuit

262 2478 266 2486 ¹
307 2494 404 2576 quod,
427 2501 465 2557 ut
482 2492 645 2558 Arnobius
660 2498 775 2556 auctor
790 2497 849 2566 est,
866 2489 946 2555 ”non
963 2491 1138 2555 defuerunt
1156 2491 1212 2571 qui
1228 2491 1408 2558 scriberent
1423 2493 1533 2560 Iouem
1551 2493 1709 2560 Iunonem
1725 2517 1764 2560 ac
1780 2493 1961 2560 Mineruam

307 2599 383 2662 deos
417 2595 555 2660 Penates
587 2594 756 2673 existeret
789 2615 865 2658 nam
899 2593 956 2658 hos
982 2593 1059 2656 deos
1082 2590 1160 2656 Salii
1184 2594 1382 2658 carminibus
1405 2595 1656 2660 uenerabantur.
1697 2593 1760 2660 Sed
1782 2595 1841 2662 illa
1863 2617 1963 2662 causa

307 2698 386 2762 mihi
420 2697 552 2761 uidetur
574 2695 775 2779 probabilior
797 2695 884 2778 quod
907 2703 1038 2790 praeter
1060 2701 1184 2759 ceteros
1207 2695 1357 2778 Iuppiter
1379 2701 1413 2761 et
1436 2697 1536 2762 Ianus
1559 2703 1592 2762 et
1621 2696 1777 2773 Quirinus
1802 2699 1962 2781 antiquis·

308 2801 396 2865 simis
419 2798 682 2880 temporibus-
705 2803 742 2862 ut
764 2797 842 2862 mihi
866 2797 996 2879 quidem
1021 2797 1216 2860 uidetur-
1238 2797 1403 2881 praesides
1425 2797 1458 2862 di
1481 2819 1518 2861 ac
1542 2797 1682 2862 Penates
1703 2797 1813 2881 populi
1836 2801 1961 2866 romani

308 2901 412 2967 babiti
448 2907 537 2980 sunt;
570 2898 657 2980 quod
685 2920 757 2964 cum
780 2922 820 2965 ex
844 2899 920 2965 aliis
942 2903 1082 2982 apparet
1103 2904 1172 2963 tum
1196 2922 1236 2964 ex
1259 2922 1297 2966 eo
1319 2900 1405 2984 quod
1428 2901 1478 2966 his
1501 2899 1607 2966 tribus
1629 2899 1680 2966 dis
1701 2907 1835 2986 propter
1857 2903 1962 2988 spolia

307 3007 415 3088 opima
438 3023 530 3068 sacra
553 3003 622 3066 lieri
646 3003 851 3084 iubebantur,
878 3001 960 3068 rest.
985 3024 1015 3085 p.
1044 2999 1110 3066 189.
1151 3003 1190 3066 In
1213 3024 1324 3069 eorum
1347 3002 1453 3069 tutela
1476 3001 1631 3068 dicuntur
1655 3002 1734 3068 Salii
1758 3025 1835 3070 esso.
1871 3003 1962 3071 Sero.

306 3107 349 3172 ad
373 3107 450 3171 Aen.
475 3103 567 3169 VIII.
590 3103 652 3168 663
674 3103 804 3168 ”Salios
828 3104 889 3181 Qui
912 3106 1044 3170 suntin
1069 3104 1174 3170 tutela
1197 3105 1294 3186 louis,
1318 3105 1444 3184 Martis,
1460 3105 1612 3183 Quirini”.
1650 3105 1960 3192 enmocepanti.

306 3211 324 3273 I
357 3212 397 3274 25
420 3231 450 3292 p.
477 3208 535 3272 122
569 3201 587 3266 d
619 3203 656 3270 ds*
688 3201 778 3282 Ιινὸς
810 3195 905 3280 οὗτος
936 3202 997 3284 μὲν
1024 3197 1060 3288 ἦν
1092 3209 1156 3269 τῶν
1177 3203 1321 3288 ἀρχαίων
1343 3209 1434 3270 θεῶν
1455 3199 1510 3280 οὓς
1533 3205 1573 3293 δὴ
1596 3209 1743 3289 Ρωμαῖοι
1771 3206 1899 3296 γλώσσῃ
1921 3216 1962 3296 τῇ

306 3310 450 3396 σφετέρᾳ
484 3306 633 3396 Πένηιας
665 3299 807 3370 ἐκάλουν.
863 3306 912 3371 Ex
946 3307 1005 3372 hoe
1039 3329 1167 3391 quoque
1200 3309 1270 3373 eius
1303 3309 1349 3374 rei
1382 3330 1513 3374 causam
1546 3315 1694 3392 repetere
1728 3311 1839 3394 possis.
1881 3308 1960 3376 cum

306 3413 463 3480 caelestes
496 3411 572 3476 deos
607 3408 686 3474 Salii
719 3409 919 3474 carminibus
946 3409 1266 3492 comprehenderent.
1290 3411 1312 3474 ii
1336 3411 1391 3494 qui
1415 3411 1491 3476 deos
1514 3412 1682 3477 duodecim
1705 3410 1880 3477 Consentes
1903 3433 1962 3494 pro

306 3513 486 3578 Penatibus
519 3512 695 3587 habebant,
728 3531 826 3593 quam
853 3511 952 3575 etiam
981 3512 1174 3576 seutentiam
1197 3511 1335 3595 protulit
1361 3511 1463 3578 Varro
1486 3535 1536 3596 ap.
1562 3513 1680 3580 Arnob.
1704 3513 1724 3578 l.
1748 3536 1774 3578 c.
1792 3523 1826 3579 et
1850 3514 1962 3580 Marti-

307 3637 406 3680 anum
429 3614 455 3676 Ι.
478 3617 529 3680 41.
553 3613 654 3696 Eyss,
689 3609 785 3676 Saliis
817 3633 929 3677 curam
956 3633 1084 3696 quoque
1107 3612 1278 3678 Penatium
1301 3613 1538 3680 attribuebant.
1582 3613 1677 3680 Certe
1700 3637 1763 3682 non
1786 3623 1963 3698 potnerunt

307 3719 410 3802 primo
444 3715 522 3782 Salii
557 3715 734 3800 quidquam
758 3713 800 3780 ad
824 3713 1049 3780 Samothraces
1071 3714 1147 3779 deos
1170 3715 1340 3798 pertinere.
1385 3714 1569 3782 Scholiasta
1595 3717 1699 3798 igitur
1729 3715 1870 3782 Danielis
1893 3741 1962 3785 rem

307 3819 470 3897 turbaujt3
505 3819 560 3883 sed
594 3817 651 3882 ille
684 3817 774 3880 locus
810 3838 870 3882 iton
899 3817 1030 3882 uidetur
1057 3837 1125 3882 esse
1149 3817 1285 3897 integer.
1331 3815 1415 3883 Utut
1436 3823 1494 3900 eet
1519 3818 1599 3884 nibil
1623 3818 1703 3884 lucis
1725 3819 1768 3884 ad
1792 3819 1852 3885 boc
1872 3821 1961 3902 qnod

307 3922 493 4002 quaerimus
516 3943 556 3986 ex
578 3941 615 3985 eo
637 3919 707 3984 loco
731 3917 877 3984 affertur.
913 3915 975 3983 Sed
1000 3916 1039 3982 de
1064 3917 1256 3982 Axamentis
1283 3917 1362 3982 baec
1388 3919 1557 3984 hactenus.

391 4021 536 4105 Singulis
553 4023 602 4086 dis
618 4021 737 4106 quibus
753 4021 831 4086 iacti
847 4043 867 4086 a
883 4021 1064 4105 quibusque
1080 4021 1297 4104 cognominati
1310 4021 1376 4084 sint
1388 4040 1502 4084 uersus
1514 4017 1674 4088 Saliorum
1688 4041 1845 4102 quaerere
1858 4043 1962 4106 aeque

307 4125 468 4190 lubricum
492 4131 550 4188 est.
574 4123 710 4188 Praeter
732 4130 857 4188 ceteros
876 4123 955 4188 deos
978 4122 1086 4188 Iouem
1113 4122 1225 4186 Ianum
1250 4121 1418 4198 Quirinum
1442 4143 1462 4186 a
1484 4120 1582 4188 Saliis
1605 4123 1778 4189 honoratos
1802 4145 1871 4190 esse
1891 4128 1960 4190 ueri

307 4226 412 4290 simile
435 4231 485 4290 est
507 4231 640 4308 propter
663 4224 722 4288 boc
745 4223 829 4305 quod
847 4224 991 4304 proxime
1007 4225 1089 4302 dixi;
1113 4225 1252 4288 maxime
1268 4243 1346 4288 uero
1362 4222 1478 4288 Martis
1495 4223 1608 4290 laudes
1624 4224 1789 4291 celebrare
1804 4247 1962 4310 opemque

308 4327 482 4411 implorare
511 4326 655 4409 oportuit
688 4346 752 4398 eos,
777 4325 832 4406 qui
856 4323 972 4388 Martis
994 4332 1110 4398 essent,
1135 4333 1171 4388 ut
1193 4326 1274 4389 dicit
1296 4324 1405 4390 Varro
1427 4348 1479 4410 ap.
1501 4325 1590 4392 Seru.
1616 4327 1657 4393 ad
1682 4325 1770 4392 VIII.
1794 4329 1865 4400 285,
1888 4329 1961 4412 (ubi

307 4430 391 4513 quod
417 4429 519 4494 Varro
542 4429 581 4493 de
605 4429 706 4492 satoris
729 4425 880 4492 Herculis
902 4426 984 4490 dicit
1006 4427 1047 4490 ad
1071 4426 1260 4492 Tiburtinos
1282 4425 1386 4492 Salios
1403 4428 1535 4494 uidetur
1551 4432 1740 4512 pertinere),
1756 4435 1789 4492 et
1806 4428 1917 4494 Liuius
1933 4431 1961 4494 I.

307 4535 357 4595 20.
381 4535 409 4602 t,
434 4543 467 4596 et
491 4533 651 4596 Lucienus
674 4530 713 4594 (λι
737 4529 816 4594 Salt.
841 4529 890 4592 20.
924 4527 1015 4606 Quod
1038 4527 1214 4613 Dionysius
1237 4533 1282 4609 (u.
1300 4531 1374 4594 Ant.
1391 4551 1470 4595 rom.
1486 4530 1529 4594 Il.
1546 4531 1601 4610 70;
1618 4529 1680 4594 lIl.
1696 4529 1747 4612 32)
1759 4529 1841 4595 dicit
1856 4529 1962 4598 Salios

308 4633 421 4698 laudes
456 4634 648 4698 militarium
681 4633 813 4698 deorum
848 4653 963 4698 canere
986 4637 1138 4710 armatos,
1161 4625 1190 4694 ni
1223 4629 1344 4698 Σάλιοι
1371 4627 1523 4716 χορευταί
1544 4631 1632 4707 τινές
1654 4627 1721 4695 εἰσι
1743 4629 1799 4695 καὶ
1822 4628 1959 4718 ὑμνηταὶ

305 4743 370 4800 τῶν
403 4732 550 4798 ἐνόπλων
581 4738 679 4810 θεῶν,
708 4741 835 4818 spectat
857 4735 899 4798 ad
922 4733 1062 4799 Martem
1085 4733 1255 4810 Quirinum
1278 4735 1434 4802 Pauorem
1459 4735 1630 4815 Pallorem‚
1654 4735 1694 4802 de
1717 4755 1783 4817 qua
1806 4759 1840 4802 re
1863 4736 1960 4802 aliter

307 4837 487 4922 Dionysius,
523 4835 619 4900 aliter
652 4834 784 4901 Seruius
813 4835 894 4914 l.·c.,
918 4835 969 4906 hic
992 4833 1149 4900 disserere
1172 4836 1251 4900 mihi
1274 4837 1314 4902 ad
1338 4837 1403 4902 alia
1426 4860 1464 4904 ao
1486 4839 1617 4904 diuersa
1639 4841 1826 4922 properanti
1852 4837 1961 4904 nullus

308 4942 395 5006 locus
418 4947 477 5004 est.
523 4937 640 5002 Verum
665 4959 704 5002 ex
727 4939 825 5004 certis
848 4940 1050 5021 argumentis
1072 4944 1210 5020 apparet
1233 4937 1335 5004 Salios
1358 4937 1459 5003 Marti
1482 4961 1544 5004 non
1567 4939 1661 5006 modo
1683 4946 1721 5005 ut
1745 4939 1838 5005 bellis
1859 4959 1959 5023 prae·

307 5044 420 5125 posito,
445 5041 500 5106 sed
523 5041 623 5106 etiam
646 5047 683 5104 ut
705 5041 793 5106 ueris
815 5061 853 5105 ac
876 5042 952 5104 noui
974 5040 1050 5104 anni
1074 5039 1134 5104 deo
1150 5060 1243 5103 sacra
1258 5040 1413 5104 solemnia
1429 5040 1601 5124 peregisse.
1638 5041 1725 5106 Item
1740 5041 1840 5105 ceteri
1857 5039 1959 5105 caele·

306 5151 372 5210 stes
395 5144 480 5226 quod
505 5147 715 5226 tempestates
730 5163 904 5226 rerumque
922 5149 1071 5206 naturam
1091 5140 1337 5206 moderarentur
1353 5143 1504 5224 vitaeque
1520 5143 1679 5208 humanae
1694 5147 1803 5208 essent
1817 5150 1960 5210 rectores
