4694 6114
1167 685 1169 690 Ι
1218 597 1236 663 8

399 767 476 832 loue
509 773 690 850 temporum
714 769 853 834 decursu
876 769 980 851 magis
1004 768 1178 833 discretum
1203 765 1390 848 laetumque
1413 765 1508 848 quasi
1530 765 1581 830 sui
1615 765 1705 830 iuris.
1751 763 1843 843 Quod
1867 787 1939 830 cum
1964 769 2067 850 primo

398 870 440 932 ad
463 891 590 935 omnem
612 871 666 936 uel
688 872 923 955 procreationis
945 869 998 936 uel
1022 871 1156 935 sationis
1179 869 1301 933 laetum
1325 871 1478 933 euentum
1502 871 1603 949 atque
1624 867 1809 933 ubertatem
1831 869 1995 951 pertinere
2018 869 2066 933 ui-

398 992 469 1035 sum
503 977 597 1043 esset,
625 979 795 1056 postquam
820 991 891 1036 oum
926 971 1051 1036 Baccho
1074 991 1266 1053 graecorum
1289 975 1339 1034 est
1361 969 1540 1046 confusum,
1562 965 1810 1050 angustioribus
1832 971 1982 1036 terminis
2005 971 2067 1035 oir-

397 1075 636 1156 comscriptum.
680 1075 767 1156 (Vini
790 1095 918 1158 quoque
940 1074 1036 1138 deum
1050 1072 1159 1138 Iouem
1172 1073 1275 1155 primo
1288 1070 1440 1135 Romanis
1452 1070 1550 1135 fuisse
1562 1070 1680 1148 uideri,
1692 1072 1854 1136 assentior
1867 1071 2065 1140 Mommseno

398 1175 434 1240 R.
459 1173 514 1238 Gal
533 1176 558 1240 Ι.
585 1179 666 1258 164).
723 1176 758 1241 Si
785 1173 824 1241 τὸ
856 1169 972 1257 ἔτυμον
1005 1177 1142 1241 nominis
1175 1173 1283 1240 Liberi
1317 1173 1444 1238 inuenit
1466 1171 1655 1237 Danielsson
1680 1171 1771 1238 Stud.
1795 1174 1866 1238 ital.
1891 1174 1986 1240 Pauli
2008 1176 2065 1242 IV.

400 1277 458 1341 163
481 1299 550 1362 sqq.
573 1285 607 1342 et
631 1281 700 1352 171,
724 1279 953 1362 interpretatio
978 1279 1151 1361 Augustini
1174 1276 1226 1342 uel
1249 1276 1357 1360 potius
1381 1275 1535 1340 Varronis
1557 1295 1596 1340 ea
1608 1274 1828 1358 disputatione
1841 1277 2064 1344 confirmatur.

496 1379 627 1444 Manus
661 1380 859 1446 adiectiuum
882 1387 1015 1465 praeter
1038 1380 1124 1445 locos
1154 1378 1196 1444 ab
1218 1377 1361 1461 Georges
1383 1377 1461 1442 lex.⁷
1484 1399 1508 1442 s.
1532 1399 1562 1442 u.
1587 1383 1794 1443 enumeratos
1816 1380 1916 1443 etiam
1939 1386 1989 1445 est
2011 1401 2064 1466 ap.

397 1481 563 1547 Tibullum
587 1483 646 1547 lll.
673 1487 720 1548 ll.
745 1487 764 1549 9
791 1503 898 1549 mane
921 1484 1023 1567 geni,
1046 1503 1124 1566 cape
1148 1489 1225 1546 tura
1247 1481 1352 1547 libens
1374 1482 1523 1564 uotisque
1545 1479 1666 1544 fausto.
1712 1479 1850 1546 Plautus
1872 1481 1945 1546 Cas.
1958 1481 2063 1547 2201]

397 1583 451 1647 ”ut
473 1591 505 1648 te
529 1585 647 1650 bonus
671 1585 886 1652 Mercurius
908 1585 1043 1668 perdat”
1066 1584 1163 1650 simili
1182 1585 1331 1674 epitheto
1354 1583 1487 1648 honoris
1499 1603 1597 1647 causa
1614 1581 1730 1646 utitur.
1775 1583 1911 1648 Ouidius
1923 1583 2011 1650 'frist
2024 1585 2062 1650 V.

397 1686 426 1748 3.
449 1685 488 1748 35
512 1687 571 1766 fer,
606 1688 706 1754 bone
729 1687 862 1766 Liber,
887 1709 988 1771 opem.
1016 1689 1091 1754 llor.
1115 1687 1150 1752 C.
1175 1687 1227 1751 IV.
1252 1689 1282 1750 2.
1306 1685 1345 1750 38
1371 1685 1458 1750 boni
1482 1685 1578 1748 diui.
1623 1683 1711 1749 Pers.
1735 1683 1778 1748 ll.
1802 1688 1842 1750 22
1866 1686 1929 1752 Pro
1952 1687 2060 1771 luppi-

400 1793 458 1866 ter,
481 1809 499 1852 o
524 1787 619 1854 bone
641 1789 834 1873 Iuppiter.

1197 2085 1260 2150 111.

1036 2301 1218 2386 Versus
1248 2303 1419 2385 Martii.

1210 2547 1249 2608 8.

1029 2657 1226 2732 Puumnoo
1254 2645 1408 2749 poplte.

480 2872 620 2938 Festus
643 2895 673 2956 p.
698 2876 759 2942 205
783 2873 826 2937 M.
871 2875 1072 2943 Pilumnoe
1095 2879 1233 2962 poploe
1260 2881 1293 2944 in
1318 2880 1462 2944 carmine
1485 2877 1606 2942 Saliari
1631 2875 1777 2950 Romani,
1802 2873 1907 2939 ueluti
1919 2874 1997 2958 pilis
2009 2877 2058 2940 uti

395 2975 531 3052 assueti;
554 2973 609 3039 uel
632 2973 710 3056 quia
734 2977 908 3059 praecipue
931 2977 1055 3059 pellant
1083 2979 1201 3044 hostes.

1208 3175 1247 3258 b.

1056 3313 1245 3382 mamurra
1271 3289 1434 3382 vomis.

483 3517 606 3583 Varro
639 3517 678 3584 de
713 3518 748 3582 L.
783 3519 819 3584 L.
844 3519 889 3584 Vl
915 3519 933 3604 ᾗ
956 3521 997 3584 49
1022 3557 1055 3567 -
1084 3521 1163 3586 Salii
1187 3522 1273 3606 quod
1296 3529 1432 3588 cantant
1459 3527 1482 3607 †
1505 3527 1678 3592 mamurii
1701 3527 1724 3610 †
1748 3533 1988 3594 ueterum...
2012 3529 2055 3592 si-

396 3621 552 3704 gnificant
575 3621 765 3685 memoriam
788 3621 803 3654 *
827 3621 842 3653 *
865 3625 1040 3702 (asteriscos
1063 3627 1150 3704 posui
1173 3631 1294 3686 auctore
1317 3629 1342 3686 A
1366 3629 1414 3707 Sp.
1438 3649 1493 3707 pro
1517 3631 1609 3690 uerbo
1632 3633 1713 3708 quod
1736 3632 1767 3690 in
1791 3633 1815 3691 F
1837 3633 1895 3709 legi
1920 3653 1979 3691 nou
2003 3653 2054 3710 po-

396 3721 503 3804 tituil).

477 3822 638 3888 Ouidius
669 3821 719 3887 ΙΙΙ
744 3823 860 3889 Fastor
882 3826 944 3889 959
966 3825 1046 3902 Quis
1068 3827 1147 3892 mihi
1171 3850 1256 3893 nunc
1279 3831 1364 3894 dicet
1387 3853 1488 3914 quare
1511 3833 1665 3898 caelestia
1689 3833 1807 3898 Martis
1829 3855 1921 3898 arma
1943 3834 2052 3900 serant

396 3925 487 4003 Salii,
511 3925 801 4010 Mamuriumque
824 3931 958 4006 uocant;
982 3927 1022 3991 ol.
1046 3949 1076 3992 u.
1101 3931 1173 3994 399.

477 4027 620 4092 Paulus
644 4027 747 4092 Festi
770 4047 799 4111 p.
829 4029 883 4092 131
910 4029 1078 4094 Mamuri'
1095 4031 1229 4098 Veturi
1253 4036 1309 4116 qui
1332 4037 1466 4118 praemii
1491 4039 1559 4104 loco
1582 4040 1678 4122 petiit
1699 4046 1736 4104 ut
1758 4061 1851 4104 suum
1869 4061 1985 4107 nomeu
2004 4043 2051 4106 in-

394 4137 444 4194 ter
467 4130 614 4194 carmina
636 4126 716 4192 Salii
740 4139 904 4195 canerent.
950 4131 1158 4220 Dionysius
1180 4135 1254 4200 Ant.
1281 4135 1370 4202 Rom.
1394 4138 1454 4203 111.
1478 4141 1518 4204 32
1543 4137 1722 4227 Μαμορίου
1743 4137 1832 4218 τινὸς
1847 4142 2050 4230 δημιουργοῦ.

392 4233 489 4298 Iuba
512 4253 567 4316 ap.
592 4231 845 4298 Plutarchum
870 4233 963 4300 Num.
987 4258 1014 4300 c.
1043 4239 1078 4302 13
1102 4259 1131 4320 p.
1157 4239 1215 4302 135
1239 4259 1285 4322 sq.
1301 4237 1384 4305 Sint.
1430 4235 1665 4326 Οὐετούριον
1686 4243 1727 4308 δὲ
1749 4243 1979 4328 Μομοίριον
2001 4281 2014 4293 -
2038 4282 2051 4293 -

391 4331 614 4398 κατασκεάσαι
649 4333 762 4410 πάσας
794 4335 872 4419 (τὰς
908 4335 1045 4420 πέλτας)
1080 4335 1198 4420 ὁμοίας
1231 4380 1257 4388 --
1283 4378 1312 4388 -
1336 4381 1360 4390 -
1393 4349 1440 4405 τῶ
1473 4342 1509 4407 δὲ
1544 4342 1728 4426 Maurosque
1762 4343 1891 4429 λέγουσι
1924 4344 2052 4424 μισθὸν

391 4433 546 4517 γενέσθαι
560 4443 618 4521 τῆς
628 4437 741 4523 τέχνης
752 4432 878 4523 μνήμην
889 4462 963 4501 τινα
976 4438 1020 4502 δι’
1034 4431 1121 4526 ὠδῇς
1133 4439 1200 4506 ὑπὸ
1212 4449 1276 4506 τῶν
1292 4441 1423 4512 Σαλίων
1435 4442 1503 4525 ἅμα
1519 4452 1559 4530 τῇ
1582 4441 1723 4531 πορρίχῃ
1743 4445 2049 4532 διαπεροινομένης.

392 4533 432 4599 Oi
470 4536 505 4600 δὲ
537 4533 573 4599 oo'·
605 4534 801 4622 Οὐετούριον
833 4539 1035 4624 Μαμούριον
1056 4534 1143 4606 εἶναί
1166 4567 1247 4629 φασι
1272 4544 1329 4608 τὸν
1373 4539 1543 4632 ᾀδόμενον,
1566 4541 1651 4610 ἀλλὰ
1673 4542 1839 4630 Οὐετέρεμ
1856 4546 2049 4633 Μεμορίαμ,

391 4633 477 4722 ὅπερ
498 4633 583 4718 ἐστὶ,
607 4636 756 4704 notorior
776 4639 910 4727 μνήμην.

1026 4845 1281 4854 ΜΗ-..
1303 4849 1413 4855 ——-

477 4965 612 5030 Annot.
637 4965 723 5058 crit.
745 5003 788 5015 —
810 4989 893 5033 8.-
915 4968 1421 5055 Pilumnoepoploeautiqua‚
1434 4974 1489 5040 sed
1503 4997 1567 5040 non
1577 4975 1803 5059 antiquissima
1814 4977 1978 5060 scriptura
1990 4999 2048 5062 pro

390 5067 551 5148 pilumnoi
577 5066 688 5150 popter
711 5069 751 5146 (u.
778 5077 986 5135 commentar.
1009 5069 1051 5135 ad
1074 5069 1090 5136 l
1112 5093 1135 5134 s.
1161 5094 1191 5136 u.
1217 5071 1374 5152 ’ueueis');
1398 5081 1517 5140 natura
1539 5079 1624 5142 enim
1648 5081 1742 5144 metri
1767 5080 1855 5160 cogit
1876 5099 1946 5144 esse
1968 5080 2048 5146 haec

391 5169 493 5232 uerba
527 5169 809 5234 terminationibus
843 5165 1020 5258 disyllabis.
1076 5174 1115 5238 In
1138 5175 1288 5239 datiuum
1317 5197 1385 5241 esse
1408 5176 1582 5258 declinata,
1605 5201 1701 5263 quam
1730 5181 1947 5246 coniecturam
1970 5182 2048 5248 fecit
