4694 6114
1176 505 1216 568 50

368 698 469 760 ganne
494 673 795 756 Himmelsgewblbe
818 672 930 749 kreist,
960 675 1061 735 neunt
1084 670 1140 735 ibn
1164 671 1247 736 auch
1271 671 1377 737 Varro
1400 671 1497 737 ”Gott
1520 671 1576 736 des
1599 671 1782 752 Himmels”‚
1807 672 1873 736 und
1899 670 2024 735 Macro·

370 779 442 844 bius
477 777 550 842 ”das
573 777 645 841 Bild
670 777 728 840 der
750 776 872 856 ewigen
897 772 1276 856 Himmelsbewegung””.
1318 773 1411 851 Quod
1434 781 1582 839 curtam
1607 776 1702 857 graui
1725 775 1851 838 auctori
1874 775 2023 837 assentiri

369 901 433 946 nou
468 881 584 962 possim
610 897 727 944 causae
749 882 881 958 praeter
903 897 958 940 eas
981 896 1062 956 quas
1086 876 1151 940 dixi
1177 883 1253 941 sunt
1273 877 1344 942 hae.
1390 877 1491 942 Ianus
1514 879 1539 940 si
1563 879 1631 960 ipse
1655 879 1809 944 immotus
1831 877 1945 941 fuisset
1969 896 2025 941 neo

370 985 530 1066 particeps
565 982 708 1045 ambitus
742 980 854 1044 mundi
878 981 1006 1044 circum
1036 1000 1128 1042 suum
1154 980 1316 1044 cardinem
1341 1001 1375 1045 se
1398 981 1568 1049 uertentis,
1593 980 1718 1061 inipso
1742 977 1874 1042 cardine
1898 984 1931 1042 et
1955 976 2027 1059 polo

369 1084 575 1147 collocandus
609 1082 680 1146 luit.
726 1081 801 1152 Aut,
835 1082 859 1144 si
895 1081 962 1164 ipse
996 1081 1111 1146 fuisset
1134 1082 1283 1160 mundus,
1311 1103 1414 1165 aeque
1437 1104 1475 1145 ac
1497 1083 1646 1165 Iuppiter
1671 1082 1779 1146 sedem
1803 1081 1972 1146 habuisset
1994 1081 2027 1144 in

369 1187 519 1250 omuibus
553 1185 663 1248 mundi
697 1184 890 1265 regionibus.
934 1183 996 1260 Qui
1031 1206 1088 1248 nec
1121 1206 1178 1266 per
1212 1189 1313 1250 totum
1350 1185 1473 1249 caelum
1511 1183 1647 1248 diffusus
1670 1189 1728 1264 est,
1753 1187 1784 1246 in
1809 1203 1874 1246 una
1896 1183 2027 1265 regione

370 1288 556 1363 collocatus,
591 1308 649 1351 neo
674 1287 707 1350 in
730 1288 798 1368 ipso
819 1286 952 1350 cardine
977 1286 1239 1368 septentrionali,
1262 1287 1318 1352 sed
1342 1289 1429 1352 inter
1451 1287 1687 1368 septentriones
1709 1291 1743 1350 et
1765 1289 1898 1350 exortus
1920 1283 2027 1348 solsti-
2069 1317 2071 1322 v

370 1389 475 1454 tiales.
521 1387 628 1452 Etiam
653 1409 692 1452 ex
715 1409 752 1452 eo
776 1387 861 1468 quod
887 1387 966 1450 dicit
989 1408 1039 1468 ap.
1066 1385 1265 1450 Macrobium
1291 1386 1420 1464 Fabius,
1445 1389 1472 1452 is
1499 1387 1555 1470 qui
1578 1387 1689 1452 consul
1712 1387 1774 1452 fuit
1797 1384 1963 1462 cccxli,
1979 1407 2029 1450 sa-

370 1495 413 1555 tis
444 1497 582 1574 apparet
616 1489 729 1554 lanum
750 1493 869 1552 ¹totum
893 1507 960 1550 esse
984 1489 1189 1554 sinistrarum
1213 1491 1355 1572 partium
1380 1497 1479 1574 atque
1502 1513 1522 1554 a
1544 1491 1623 1556 diris
1646 1499 1677 1554 et
1699 1490 1955 1559 occidentalibus
1977 1509 2027 1552 re·

370 1594 520 1676 gionibus
542 1591 773 1656 remouendurn
797 1596 896 1672 atque
920 1591 1163 1670 seiungendum.
1208 1591 1351 1656 Macrob.
1377 1591 1410 1656 S.
1435 1591 1459 1654 Ι.
1485 1593 1534 1656 16.
1558 1594 1598 1657 25
1621 1591 1699 1656 ”Sed
1724 1597 1757 1657 et
1781 1593 1900 1656 Fabius
1922 1590 2028 1655 Maxi·

371 1717 441 1760 mus
475 1694 678 1759 Seruilianus
711 1690 856 1774 pontifex
879 1691 921 1754 in
951 1690 1035 1754 libro
1058 1691 1247 1755 duodecimo
1271 1693 1368 1771 (iuris
1392 1693 1561 1776 pontificii)
1586 1699 1685 1774 negat
1708 1701 1856 1775 oportere
1880 1699 1953 1756 atro
1976 1692 2028 1756 die

371 1806 556 1880 parentare,
581 1795 660 1877 quia
682 1802 761 1858 tunc
783 1813 911 1874 ‹rucque
933 1793 1049 1856 Ianum
1077 1789 1251 1874 Iouemque
1277 1793 1420 1874 praefari
1444 1815 1572 1860 necesse
1598 1801 1658 1871 est,
1679 1815 1758 1876 quos
1773 1795 1932 1858 nominari
1955 1799 2028 1858 atro

370 1899 423 1963 die
449 1921 512 1963 non
538 1897 695 1980 oportet''.
723 1896 960 1977 Principiorum
987 1893 1047 1958 deo
1070 1895 1207 1974 primam
1231 1894 1394 1976 regionem
1419 1897 1558 1959 attribui
1582 1917 1658 1960 sane
1680 1901 1929 1960 consentaneum
1954 1895 2028 1976 fuit,

371 2001 564 2086 praesertim
589 2021 661 2063 cum
684 1999 821 2063 aliorum
845 2018 974 2080 quoque
998 1999 1165 2060 numinum
1188 1997 1356 2060 sanctitati
1376 2017 1415 2061 ac
1432 1997 1594 2063 beneficiis
1613 1998 1697 2064 idem
1718 1999 1819 2063 bonor
1834 1997 2028 2062 deferretur.

341 2147 344 2158 .
372 2102 511 2167 Deorum
547 2101 629 2166 euim
659 2100 751 2164 sedes
774 2101 913 2164 maxime
936 2103 1032 2162 erant
1054 2117 1074 2160 a
1096 2098 1380 2179 septentrionibus.
1426 2099 1531 2164 Varro
1555 2101 1575 2163 l.
1600 2101 1625 2164 V
1650 2100 1889 2183 epistolicarum
1915 2121 2029 2181 quaes·

372 2208 496 2270 tionum
530 2225 582 2286 ap.
618 2203 749 2268 Festum
783 2224 813 2284 p.
848 2199 909 2264 339
934 2199 990 2263 ld:
1014 2200 1060 2264 ”A
1084 2200 1215 2264 deorum
1240 2200 1315 2265 sede
1338 2221 1410 2264 cum
1435 2201 1470 2264 irr
1492 2202 1658 2266 meridiem
1683 2207 1808 2284 spectes
1831 2203 1872 2266 ad
1897 2203 2029 2266 sinistra

371 2312 449 2371 suut
472 2311 581 2388 partes
606 2304 716 2368 muudi
740 2304 931 2372 exorientes,
956 2301 997 2366 ad
1021 2301 1170 2365 dextram
1194 2301 1401 2366 occidentes'’.
1424 2301 1552 2381 —Sed
1575 2309 1683 2366 tamen
1709 2307 1813 2366 restat
1835 2303 1893 2366 illa
1916 2323 2031 2384 quaes·

371 2411 418 2472 tio
452 2427 510 2472 cur
544 2408 651 2488 prima
685 2407 775 2488 regio
808 2403 850 2470 ad
885 2405 1123 2486 septentriones
1146 2405 1193 2466 ita
1216 2403 1317 2467 suerit
1340 2410 1377 2468 ut
1399 2403 1441 2467 ad
1465 2411 1598 2470 exortus
1623 2407 1764 2470 aestiuos
1788 2413 1820 2468 et
1843 2405 2031 2470 solstitiales

372 2511 545 2590 spectaret.
591 2503 659 2570 Hoc
692 2504 760 2569 loco
795 2526 857 2569 non
890 2505 954 2568 erit
987 2503 1127 2568 alienum
1163 2523 1413 2570 commemorare
1448 2527 1511 2570 nco
1546 2506 1639 2570 modo
1665 2506 1821 2571 adortus
1845 2487 2030 2588 auspicatos

373 2609 545 2686 Romanos,
568 2607 623 2672 sed
647 2607 745 2672 etiam
770 2613 842 2689 post
865 2605 1002 2670 mediam
1028 2611 1163 2670 noctem.
1209 2605 1324 2670 Festus
1347 2629 1377 2690 p.
1401 2607 1462 2672 348
1486 2609 1528 2672 Μ.
1552 2609 1706 2692 [Silentio
1728 2631 1857 2691 sarpere
1879 2610 1946 2695 cit]
1968 2610 2027 2692 (sc.

374 2713 523 2791 Verrius)
543 2711 605 2773 dici
627 2710 681 2774 ubi
698 2709 753 2792 qui
770 2715 842 2792 post
858 2707 995 2772 mediam
1013 2710 1149 2788 [noctem
1163 2708 1383 2793 auspiJcandi
1400 2731 1498 2774 causa
1513 2731 1553 2774 ex
1570 2711 1687 2776 lectulo
1703 2733 1759 2776 suo
1776 2711 1874 2775 silens
1889 2712 2031 2776 surrexit

372 2821 405 2878 et
434 2813 591 2878 liberatus
614 2833 634 2876 a
656 2811 748 2891 lecto,
776 2813 808 2874 in
834 2809 937 2874 solido
960 2808 1006 2892 [se
1021 2812 1144 2889 posuit,
1166 2809 1336 2894 se]detque
1360 2832 1399 2875 ne
1422 2813 1498 2894 quid
1523 2834 1560 2876 eo
1582 2825 1725 2896 ternpore
1746 2813 1853 2878 deleat
1874 2812 2029 2896 (deiciat'

210 2969 213 2977 .
251 2963 258 2979 ,
374 2915 481 2996 Facu.)
504 2915 639 2998 [raucas
662 2914 774 2997 donec]
797 2933 830 2976 se
852 2913 885 2975 iu
913 2911 1032 2975 lectum
1065 2913 1238 2992 reposuit”;
1263 2915 1296 2975 et
1317 2911 1442 2976 Gellius
1465 2913 1516 2976 Ill
1539 2915 1568 2976 2.
1594 2917 1641 2976 10.
1676 2915 1754 2978 Tum
1780 2919 2029 2980 consentaneum

373 3017 436 3081 fuit
459 3037 607 3100 prorsum
632 3015 765 3078 limitem
790 3014 830 3077 ad
855 3011 1010 3094 templum
1036 3013 1227 3095 capiendum
1252 3034 1272 3075 a
1294 3015 1398 3096 primo
1422 3015 1567 3080 diluculo
1594 3017 1676 3086 duci,
1702 3024 1739 3082 ut
1757 3023 1883 3082 aestate
1899 3017 2029 3099 quidem

373 3141 436 3184 nou
481 3117 576 3200 longe
620 3116 749 3180 abesset
792 3135 811 3178 a
856 3115 987 3196 regione
1030 3113 1088 3176 illa
1131 3114 1246 3196 prima.
1291 3114 1354 3179 Sed
1398 3117 1478 3181 illud
1523 3119 1657 3200 grauius
1696 3125 1729 3182 et
1777 3119 1819 3184 ad
1867 3120 1899 3184 id
1944 3119 2028 3201 quod

374 3223 559 3304 eraserimus
608 3219 712 3300 magis
761 3218 902 3300 pertinet
951 3215 1037 3297 quod
1081 3215 1216 3282 Romani
1272 3217 1335 3282 diei
1385 3219 1491 3284 ciuilis
1535 3222 1664 3284 initium
1712 3221 1875 3286 ducebant
1911 3242 1930 3284 a
1967 3243 2029 3286 me·

373 3323 429 3386 dia
463 3327 570 3399 nocte3
605 3320 645 3384 de
679 3339 744 3400 qua
771 3339 806 3382 re
830 3339 859 3381 u.
883 3313 966 3381 Gell.
991 3315 1040 3379 lll
1064 3338 1090 3380 c.
1114 3321 1142 3382 2.
1188 3317 1242 3383 Sol
1265 3324 1375 3383 autem
1395 3342 1465 3386 oum
1491 3321 1523 3385 in
1546 3323 1667 3386 circulo
1690 3322 1869 3388 cottidiano
1897 3343 2030 3388 currere

375 3425 551 3490 uideretur.
576 3425 653 3506 quia
678 3443 770 3486 mane
793 3419 1052 3502 correpiciebatur
1077 3422 1207 3484 ueniens
1230 3421 1273 3486 ab
1296 3423 1578 3494 oriente‚meridie
1594 3424 1779 3505 apartibus
1795 3423 2030 3504 meridialibus,

373 3525 500 3608 uesperi
534 3526 576 3589 ab
610 3523 763 3602 occiduis,
798 3521 922 3586 scilicet
955 3521 1183 3585 coniectabant
1216 3522 1363 3588 homines
1396 3529 1488 3590 nocte
1521 3524 1627 3589 media
1660 3546 1733 3590 eum
1767 3525 1880 3588 esse'a
1902 3531 2030 3606 septen-

376 3628 536 3692 trionibus
571 3629 739 3710 primoque
775 3645 877 3696 ruane,
911 3623 1156 3704 septentrionali
1180 3623 1252 3706 polo
1275 3624 1399 3698 relicto,
1423 3625 1465 3688 ad
1488 3625 1664 3690 orientales
1687 3627 1765 3690 caeli
1790 3634 1901 3709 partes
1924 3634 2031 3690 trans·

375 3731 432 3795 ire.
477 3729 536 3792 lbi
563 3731 639 3792 sita
672 3731 799 3810 prima
825 3726 932 3808 regio
959 3731 1154 3806 tamquam
1182 3727 1342 3807 propria
1376 3726 1488 3791 sedes
1515 3728 1609 3792 data
1631 3727 1737 3806 Iano,
1762 3739 1803 3791 ut
1828 3728 1930 3794 Solis
1952 3729 2030 3810 deo,

375 3831 474 3896 unde
508 3833 584 3896 iter
617 3829 875 3895 cottidianum
910 3829 1122 3892 instituere
1158 3827 1375 3891 uidebatur.
1420 3827 1513 3906 Quod
1546 3835 1655 3893 autem
1680 3830 1730 3893 bic
1753 3833 1856 3912 posui,
1879 3832 2032 3912 antiquos

373 3935 575 3998 existimasse
608 3933 686 3998 solis
719 3933 877 3998 ambitum
912 3929 1125 3994 cottidianum
1162 3930 1311 3996 bilariam
1339 3932 1454 4012 diuidi,
1481 3940 1518 3996 ut
1541 3954 1639 3998 unum
1663 3939 1750 3998 esset
1773 3933 1913 4016 spatium
1941 3934 2030 3997 diur-

374 4059 452 4100 num
485 4037 527 4100 ab
561 4039 636 4100 ortu
669 4035 709 4098 ad
734 4033 1055 4114 occasum,‚alterum
1080 4038 1272 4097 nocturnum
1297 4032 1339 4097 ab
1362 4055 1476 4099 occasu
1500 4035 1541 4098 ad
1565 4041 1683 4109 ortum,
1707 4036 1737 4100 id
1762 4043 1795 4100 et
1819 4057 1876 4118 per
1903 4057 1936 4100 se
1963 4037 2031 4099 ueri

375 4138 479 4203 simile
502 4144 607 4202 estet
629 4138 839 4218 antiquorum
863 4135 1057 4201 testimoniis
1079 4133 1239 4198 firmatur.
1277 4135 1392 4200 Graeci
1408 4137 1536 4217 quidem
1556 4139 1738 4220 antiquitus
1754 4138 1916 4219 putabant
1933 4135 2031 4220 uulgo

375 4239 456 4303 illud
492 4240 555 4303 iter
588 4243 779 4302 nocturnum
812 4221 884 4300 'esse
919 4258 976 4318 per
1002 4234 1174 4301 Oceanum.
1221 4237 1267 4302 lle
1296 4241 1457 4324 mysteriis
1479 4245 1588 4305 autem
1614 4239 1764 4323 Orplricis
1793 4241 1851 4306 hoc
1878 4279 1919 4288 -
1945 4241 2029 4322 quod

376 4336 514 4406 soltasse
548 4348 710 4424 surnptum
745 4346 794 4404 est
821 4339 860 4403 de
888 4338 971 4403 libro
988 4337 1166 4414 *Iamblichi
1190 4339 1230 4404 de
1253 4340 1303 4404 dis
1328 4377 1365 4388 -
1390 4364 1441 4425 ap.
1466 4341 1665 4406 Macrobium
1690 4341 1720 4406 S.
1744 4342 1769 4405 Ι.
1796 4344 1844 4407 18.
1867 4347 1886 4406 8
1914 4363 2032 4407 memo-

376 4445 444 4506 riae
468 4443 632 4524 prcditum
656 4448 719 4506 est:
744 4442 793 4506 ”in
819 4442 919 4506 sacris
942 4441 1021 4505 haec
1044 4443 1197 4525 religiosa
1219 4447 1330 4510 arcani
1354 4446 1538 4510 observatio
1561 4451 1694 4511 tenetur
1718 4454 1754 4510 ut
1770 4447 1822 4511 Sol
1839 4468 1909 4511 cum
1928 4450 1960 4512 in
1981 4468 2032 4510 su·

377 4567 462 4628 pero,
478 4545 508 4610 id
532 4545 637 4610 estin
661 4546 787 4620 diurno,
801 4545 1037 4626 hemisphaerio
1060 4551 1118 4616 ext,
1142 4546 1258 4628 Apollo
1282 4549 1457 4612 uocitatur:
1481 4568 1552 4610 cum
1577 4548 1609 4610 iu
1624 4547 1736 4624 infern,
1750 4549 1783 4612 id
1800 4553 1848 4612 cst
1866 4555 2033 4618 nocturno,

378 4646 547 4730 Dionysus,
576 4648 631 4728 qui
655 4653 704 4711 est
727 4647 824 4711 Liber
848 4655 952 4729 pater,
974 4647 1161 4714 habeatur”.
1207 4651 1268 4717 Sed
1293 4653 1373 4717 haec
1395 4654 1463 4716 sine
1486 4653 1583 4716 dubio
1606 4653 1794 4735 posterioris
1817 4656 1939 4718 aetatis
1960 4659 2033 4717 erat

377 4748 537 4812 doctrina.
582 4749 712 4814 Scilicet
744 4773 784 4814 ex
812 4751 969 4831 hisquae
992 4753 1138 4834 proxime
1161 4753 1229 4818 dixi
1253 4775 1315 4819 non
1339 4753 1415 4818 licet
1437 4753 1589 4836 colligere
1611 4754 1753 4819 Graecos
1776 4755 1867 4818 illum
1891 4755 2031 4819 interum

377 4851 452 4914 solis
475 4871 603 4916 cursum
629 4853 731 4932 magis
754 4851 926 4917 inclinasse
949 4852 991 4916 ad
1015 4856 1260 4936 septemtriones
1283 4877 1379 4938 quam
1405 4857 1446 4920 ad
1471 4857 1647 4922 meridiem.
1691 4859 1735 4922 Ae
1762 4860 1868 4940 potius
1896 4859 2032 4922 sortasse

378 4953 419 5017 ad
449 4953 623 5018 meridiem.
660 4953 809 5038 Ephorus
837 4955 967 5038 quidem
990 4957 1077 5040 apud
1102 4956 1293 5024 Strabonem
1319 4958 1359 5022 34
1382 4957 1406 5023 Ο
1427 4953 1510 5020 κατὰ
1533 4957 1591 5043 τὴν
1614 4960 1763 5022 παλαιάν
1785 4959 1861 5044 περὶ
1887 4967 1943 5044 τῆς
1964 4955 2033 5022 Αἱ-

376 5051 525 5131 θιοπίας
551 5055 648 5134 δόξαν
671 5055 846 5142 Aethiopes
870 5058 948 5123 fecit
970 5057 1011 5124 ad
1038 5057 1204 5126 meridiem
1227 5068 1412 5144 spectantes
1432 5097 1475 5110 ·-
1497 5061 1537 5126 cf.
1561 5061 1712 5128 Straton.
1735 5085 1765 5147 p.
1790 5067 1807 5127 7
1831 5063 1864 5128 G.
1890 5101 1927 5110 -—
1952 5083 2033 5146 quos
