4694 6114
1125 608 1163 671 37

344 807 348 822 ¹
404 779 466 845 Sed
497 779 556 844 illa
589 778 752 860 grauiora.
799 776 942 842 Primam
966 777 1053 861 quod
1076 783 1179 842 restat
1201 777 1384 842 obscuritas
1407 775 1514 840 adhuc
1535 797 1597 841 non
1622 776 1767 840 discussa
1790 773 1878 840 illius
1901 795 1972 854 -us,

318 905 402 965 quae
426 883 613 948 terminatio
637 880 722 945 unde
746 885 820 944 orta
842 880 895 956 sit,
919 900 981 944 non
1004 881 1084 944 satis
1106 887 1155 944 est
1177 879 1393 964 exploratum.
1438 878 1529 942 Adde
1552 879 1638 960 quod
1662 883 1749 942 certe
1772 877 1973 942 terminatio-

318 1005 374 1050 nes
407 983 617 1050 secundariae
649 1005 707 1066 per
740 983 848 1048 omnia
882 983 1067 1066 praesentia
1099 983 1205 1048 latina
1232 982 1385 1048 uidentur
1408 982 1571 1064 serpsisse.
1615 979 1759 1058 Quarum
1782 999 1866 1060 quae
1889 981 1974 1046 ratio

317 1087 418 1150 fuerit
448 1085 489 1150 ed
514 1085 703 1167 primariam
726 1083 806 1147 -nti
833 1087 866 1148 et
888 1083 915 1146 si
939 1104 1005 1166 qua
1026 1084 1095 1148 alia
1117 1084 1260 1148 eiusdem
1283 1084 1411 1166 generis
1434 1089 1541 1167 potest
1563 1084 1723 1166 indagari,
1748 1083 1788 1148 ad
1813 1082 1973 1164 liquidum
2051 1119 2059 1128 ·

317 1211 380 1254 nnn
413 1188 606 1272 perductum
640 1194 699 1253 est.
746 1185 817 1262 Sed,
852 1209 981 1270 quoquo
1015 1185 1107 1251 modo
1141 1208 1193 1251 res
1215 1208 1248 1251 se
1272 1186 1378 1266 habet,
1403 1208 1464 1252 non
1488 1185 1564 1251 licet
1587 1187 1705 1250 nodum
1730 1207 1822 1269 quern
1848 1184 1974 1250 soluere

316 1292 443 1356 ratione
466 1312 530 1356 uon
552 1292 665 1374 possis,
689 1291 916 1375 desperatione
939 1311 1100 1372 rumpere,
1122 1297 1160 1354 ut
1182 1289 1213 1353 id
1239 1289 1326 1370 quod
1349 1311 1369 1354 a
1392 1287 1517 1354 duobus
1540 1289 1730 1353 auctoribus
1752 1289 1896 1371 antiquis
1912 1309 1973 1352 non

317 1395 452 1460 obscure
475 1393 634 1458 traditum
658 1395 700 1458 sit
722 1395 815 1476 quasi
840 1394 871 1456 ui
895 1414 932 1456 ac
956 1413 1013 1474 per
1036 1393 1230 1458 calumniam
1255 1413 1313 1456 sua
1336 1392 1411 1456 sede
1434 1392 1548 1474 pellas.

401 1495 439 1560 V.
463 1497 492 1560 2.
537 1495 732 1578 Quotquot
766 1496 928 1578 ubaique
961 1513 1003 1557 sc.
1038 1502 1123 1559 sont.
1167 1493 1285 1558 Omissi
1321 1495 1354 1556 in
1389 1495 1568 1558 enuntiatis
1601 1493 1750 1558 relatiuis
1778 1491 1869 1558 uerbi
1892 1514 1975 1558 esse

315 1598 464 1681 exempla
497 1600 595 1664 etiam
623 1601 654 1663 in
684 1599 799 1682 priscis
822 1599 925 1682 poesis
951 1597 1073 1662 latinae
1097 1597 1314 1661 monumentis
1336 1601 1477 1660 exstant.
1522 1595 1659 1660 Plautus
1681 1596 1714 1660 in
1738 1595 1974 1678 Amphitruone

317 1723 347 1764 u.
371 1701 432 1764 573
455 1699 566 1766 Loewe
589 1709 622 1766 et
643 1700 744 1766 Goetz
768 1721 905 1783 resque
929 1701 984 1764 uti
1008 1699 1114 1764 sacta
1139 1699 1225 1778 dico;
1250 1721 1278 1762 u.
1305 1699 1364 1762 575
1388 1701 1500 1780 optas
1523 1718 1619 1780 quae
1643 1697 1756 1762 sacta.
1803 1697 1974 1762 Duriorem

317 1823 395 1868 uero
417 1801 547 1886 ellipsin
571 1801 671 1867 habet
694 1803 753 1868 hoc
777 1802 903 1884 antiqui
927 1801 1122 1883 precationis
1151 1799 1301 1864 carminis
1328 1799 1368 1864 de
1391 1809 1552 1881 augurum
1577 1799 1670 1864 libris
1693 1821 1711 1862 a
1735 1799 1883 1863 Varrone
1908 1807 1974 1862 tra-

317 1905 422 1968 ditum
447 1903 483 1968 L.
508 1903 541 1966 L.
569 1904 604 1968 V.
628 1905 667 1968 58
691 1905 773 1968 diui
806 1905 871 1986 qui
905 1909 1014 1986 potes
1043 1902 1219 1984 (secatis).
1267 1900 1349 1964 Huic
1377 1904 1486 1982 generi
1511 1901 1684 1965 finitimum
1707 1901 1793 1984 quod
1816 1901 1974 1966 condicio·

319 2006 401 2070 rralis
435 2007 596 2072 enuntiati
630 2006 745 2089 copula
777 2007 895 2071 omissa
929 2011 978 2070 est
1012 2007 1044 2069 iu
1078 2004 1137 2068 hoc
1171 2003 1255 2086 legg.
1290 2001 1357 2066 XII
1385 2002 1472 2066 tabb.
1498 2003 1537 2066 lr.
1561 2023 1613 2086 ap.
1634 2000 1719 2067 Gell.
1747 1999 1858 2066 XVII.
1882 2003 1911 2064 9.
1938 2003 1975 2064 10

317 2107 428 2186 Hertz,
453 2108 492 2172 cl.
517 2107 624 2172 Bruns
646 2107 679 2171 F.
704 2107 731 2170 I.
756 2107 809 2170 R.³
834 2129 862 2190 p.
882 2109 942 2189 ⁸16:
987 2106 1082 2170 ”Post
1115 2106 1282 2170 meridiem
1311 2107 1472 2189 praesenti
1496 2105 1584 2170 litem
1609 2105 1760 2170 addicito.
1805 2103 1841 2170 Si
1864 2105 1974 2170 ambo

206 2255 211 2266 ·
318 2217 552 2294 praesentes,
578 2211 654 2275 solis
677 2231 810 2275 occasus
832 2231 982 2294 suprema
1007 2214 1183 2292 tempestas
1205 2208 1301 2272 esto”.

403 2311 560 2378 Deiueis
583 2313 696 2394 scripsi
718 2312 859 2394 uestigia
882 2312 1026 2376 codicum
1051 2317 1195 2390 secutus3
1219 2309 1273 2376 sed
1298 2311 1376 2374 haec
1399 2311 1504 2376 forma
1528 2313 1583 2376 nix
1610 2310 1759 2376 habenda
1786 2313 1836 2374 est
1858 2309 1974 2392 priuci-

317 2415 411 2498 palis.
457 2414 564 2478 Primo
598 2415 735 2480 fortasse
769 2414 833 2478 fuit
867 2414 994 2480 deinoi
1031 2413 1173 2494 (deiuoe)
1208 2420 1265 2478 aut
1299 2413 1440 2476 deiuos.
1488 2410 1549 2476 Sed
1583 2411 1735 2493 quoniam
1759 2412 1873 2494 ignoro
1896 2411 1974 2494 quid

318 2517 418 2582 suerit
451 2518 601 2600 primum,
640 2517 743 2581 satius
777 2538 846 2581 esse
880 2516 958 2580 duxi
992 2539 1028 2581 eo
1061 2516 1130 2580 loco
1164 2517 1340 2580 consistere
1373 2535 1436 2597 quo
1463 2514 1607 2580 codicum
1632 2515 1772 2598 uestigia
1795 2513 1973 2578 duxissent.

320 2621 355 2683 V.
379 2620 421 2684 ad
444 2641 475 2702 p.
499 2620 583 2702 22').

843 3027 906 3094 Ad
931 3027 980 3093 fr.
1008 3028 1082 3109 111,
1110 2983 1255 3094 uersus
1276 3027 1452 3094 Martios.

403 3203 602 3271 Pilumnoe
625 3206 763 3290 poploe
786 3183 848 3272 non
873 3215 981 3292 potest
1004 3209 1206 3275 nominatiuo
1228 3231 1305 3274 casu
1328 3207 1513 3290 pluraliter,
1536 3205 1622 3288 quod
1639 3207 1792 3290 opinatur
1807 3202 1911 3268 Neue²
1928 3203 1973 3264 ΙΙ.

317 3329 347 3390 p.
365 3309 415 3384 95,
432 3307 553 3371 dictum
577 3329 657 3372 essa.
690 3307 772 3373 Nam
797 3331 836 3374 ex
860 3311 969 3375 uerbis
992 3309 1080 3375 Fasti
1103 3311 1150 3394 (p.
1167 3311 1228 3374 205
1245 3308 1302 3387 M.)
1319 3315 1352 3373 et
1368 3331 1407 3374 ex
1423 3311 1494 3391 ipsa
1510 3329 1544 3372 re
1560 3307 1640 3372 satis
1656 3305 1860 3388 intellegitur
1875 3325 1975 3370 unum

209 3399 213 3409 ¹
318 3407 380 3472 dici
417 3407 581 3490 populum,
614 3408 804 3473 Romanurn.
849 3410 919 3474 afri
954 3413 1047 3477 senili
1081 3409 1175 3476 latini
1210 3412 1365 3476 sermonis
1398 3416 1505 3474 artata
1540 3408 1700 3493 populos
1727 3407 1852 3472 eosdem
1876 3411 1975 3488 atque

319 3509 464 3574 homines
497 3509 661 3588 dixerunt,
696 3510 780 3592 quod
816 3512 958 3576 ostendit
986 3512 1063 3577 Sittl
1091 3512 1143 3577 die
1165 3511 1229 3576 lok.
1257 3507 1504 3576 Verechiedenh.
1528 3532 1557 3594 p.
1587 3509 1643 3573 108
1667 3530 1723 3591 sq,
1747 3507 1786 3572 cl.
1812 3505 1974 3588 Rossberg

319 3609 457 3676 Woelffl.
492 3613 589 3676 Arch.
614 3613 650 3676 V,
678 3617 751 3694 151;
775 3614 959 3679 Martianus
982 3616 1043 3679 995
1067 3615 1224 3678 heroum
1247 3613 1404 3696 populis
1428 3633 1485 3694 pro
1509 3612 1641 3676 heroum
1665 3615 1809 3674 caterua.
1854 3607 1974 3674 Tamen
2078 3637 2081 3642 ·

318 3715 441 3794 siquis
474 3735 514 3778 ex
549 3737 584 3778 eo
618 3716 757 3780 coniciet
790 3718 1035 3800 antiquissimos
1068 3716 1229 3780 Romanos
1262 3715 1322 3779 hoc
1356 3716 1480 3797 pariter
1503 3713 1632 3792 dixisse,
1658 3731 1772 3778 uereor
1795 3731 1834 3775 ue
1856 3731 1976 3794 magna

319 3817 504 3881 temeritate
528 3816 692 3881 iudicandi
716 3823 815 3899 atque
838 3817 919 3883 adeo
942 3819 1101 3884 tarditate
1124 3817 1247 3900 ingenii
1269 3839 1338 3882 esse
1361 3817 1522 3881 uideatur.

403 3934 474 3998 Iam
497 3913 796 4018 uerospilumnoe
815 3914 953 4020 popli}
975 3936 1196 4017 monosyllaba
1216 3937 1446 4002 terminatione
1462 3914 1517 4002 :de
1533 3957 1603 4001 cum
1622 3941 1725 3998 metro
1741 3931 1895 3998 Saturnio
1913 3953 1975 3996 non

318 4057 398 4120 satis
413 4057 574 4121 conuenit.
609 4056 720 4140 Neque
743 4059 827 4124 enirn
851 4059 927 4124 licet
943 4060 988 4123 sic
1004 4079 1135 4124 uersum
1153 4056 1322 4120 scandere:
1340 4035 1513 4140 'pilimndd
1528 4051 1779 4138 *pdploe',{quod
1797 4057 1888 4148 muta
1903 4071 1975 4146 curu

318 4157 444 4239 liquida
467 4157 484 4222 l:
501 4164 560 4223 aut
582 4181 599 4223 r
621 4161 654 4224 in
678 4162 791 4242 priscis
814 4161 1014 4226 carminibus
1036 4182 1098 4256 nop
1122 4147 1246 4223 faciunt
1270 4157 1470 4239 positionem,
1493 4178 1550 4221 nec
1571 4155 1666 4220 facile
1683 4152 1845 4238 pilumnde
1862 4149 1976 4234 poploe

318 4311 345 4338 υ
366 4259 377 4344 ll
402 4261 476 4344 poni
499 4263 615 4344 potuit,
641 4283 698 4326 nec
720 4264 782 4326 ita:
805 4239 969 4346 pilumufie
992 4262 1105 4345 poplfie
1130 4262 1141 4346 ll
1165 4302 1192 4326 υ
1213 4309 1218 4320 .
1243 4309 1249 4322 .
1275 4303 1300 4339 .,-
1317 4279 1400 4339 quae
1424 4259 1537 4330 forma,
1566 4260 1592 4322 si
1616 4277 1768 4339 umquam
1792 4255 1865 4330 suit,
1888 4252 1975 4335 qnod

319 4363 478 4426 incertum
502 4369 560 4435 est,
584 4361 647 4427 fuit
661 4366 833 4444 recentium
856 4369 944 4429 certe
968 4364 1092 4429 nullum
1117 4363 1183 4429 tale
1199 4363 1290 4430 colon
1307 4367 1416 4428 exstat
1432 4363 1516 4428 inter
1532 4367 1657 4426 ceteras
1672 4358 1824 4422 carminis
1841 4356 1977 4422 Saliaris

318 4463 474 4546 reliquias
508 4467 698 4561 atqne'uix
731 4467 816 4566 inter
848 4473 982 4540 ceteros,
1017 4471 1177 4548 quotquot
1205 4465 1390 4548 posteritati
1413 4463 1534 4548 proditi
1558 4468 1644 4533 sunt,
1668 4459 1852 4538 Saturnios,
1875 4459 1976 4524 etiam

318 4566 391 4630 hoc:
417 4606 442 4629 υ
474 4565 637 4648 ρίΙιιωηὸὂ
671 4567 786 4651 poplite
809 4568 819 4654 ll
844 4621 871 4646 υ
892 4614 898 4630 .
922 4615 928 4628 .
954 4618 961 4631 .
985 4568 1109 4634 formae
1142 4573 1192 4632 est
1219 4567 1408 4632 recentioris
1431 4588 1469 4630 ac
1492 4564 1713 4637 secundariae,
1737 4564 1828 4626 cuius
1850 4561 1976 4626 nullum

319 4673 369 4732 est
402 4667 585 4751 exemplum
608 4669 694 4734 inter
717 4689 813 4733 carm.
837 4669 902 4736 Sal.
925 4669 1093 4750 reliquias,
1117 4675 1153 4733 nt
1175 4690 1237 4734 non
1261 4669 1304 4733 sit
1325 4669 1394 4731 neri
1418 4667 1522 4732 simila
1547 4667 1605 4731 hoc
1627 4665 1716 4730 colon
1741 4665 1787 4729 sic
1809 4685 1879 4730 esse
1900 4664 1976 4729 feri·
2090 4663 2093 4742 J

318 4768 447 4834 endum.
492 4770 594 4850 Atqui
628 4770 770 4835 eiusdem
805 4772 865 4836 coli
893 4771 1039 4836 Saturnii
1068 4771 1148 4836 haec
1171 4771 1273 4836 uerba
1297 4769 1470 4853 'pilumnoe
1494 4768 1617 4853 poploe’
1640 4789 1709 4832 esse
1731 4788 1772 4832 ex
1795 4767 1974 4832 ”allittera-

318 4871 423 4937 tione”
447 4877 594 4956 apparet,
618 4873 704 4954 quod
728 4874 760 4938 in
783 4875 924 4939 editione
947 4873 1171 4939 Saturniorum
1196 4893 1374 4955 exponam..

402 4974 613 5054 Relinquitur
633 4995 711 5056 ergo
733 4979 770 5039 ut
793 4976 838 5040 sic
862 4975 1029 5040 feriamus:
1053 4971 1216 5058 pilumnoe
1240 4971 1352 5057 poploe
1376 4977 1435 5036 aut
1457 4972 1516 5035 sic:
1544 4969 1708 5054 pilumnoe
1725 4969 1847 5054 poplde.
1882 4969 1977 5034 Illius

319 5076 559 5140 terminationis
581 5079 634 5140 oe
657 5075 838 5161 disyllabae
861 5084 894 5142 et
918 5077 1009 5142 breui
1032 5077 1151 5142 ultima
1173 5074 1358 5141 inueniendi
1387 5073 1473 5138 ratio
1501 5071 1592 5138 nulla
1618 5079 1668 5137 est
1690 5093 1793 5155 neque
1817 5075 1849 5138 in
1872 5072 1978 5137 latina

319 5176 433 5262 lingua
457 5197 562 5263 neque
585 5177 619 5241 in
641 5179 798 5260 cognatis.
