4694 6114
1167 626 1186 689 3

347 795 547 860 obscuritate
583 793 731 860 inuoluta
754 797 830 858 sunt
853 792 957 858 ''lata'‘
982 793 1258 860 Varroniauorum
1281 793 1320 856 de
1343 793 1379 856 L.
1403 793 1438 857 L.
1461 792 1629 872 librorum,
1653 793 1767 862 dubito
1790 799 1902 858 utrum
1925 793 2004 860 haec

347 918 377 962 -s
400 899 537 962 omissae
560 896 667 961 finalis
689 896 876 979 corruptela
898 895 1048 978 prolecta
1070 897 1114 960 sit
1136 895 1178 960 ab
1201 895 1338 960 librario
1360 895 1430 961 cod.
1453 894 1488 972 F,
1511 897 1568 977 qui
1590 896 1694 961 multa
1705 896 1789 962 talia
1799 898 1949 980 peccauit
1964 932 2003 944 -

347 1019 422 1066 uam
446 998 551 1064 Groth
573 1017 603 1082 p.
628 999 668 1064 88
691 1003 809 1073 monet,
833 997 919 1082 quod
943 999 1022 1064 mihi
1046 1019 1174 1082 quoque
1196 998 1292 1064 facile
1315 1004 1462 1082 apparet,
1486 999 1528 1063 ab
1551 1021 1588 1065 eo
1610 1019 1684 1064 cum
1707 999 2005 1078 aliasteiminatio·

347 1123 404 1168 nes
438 1122 495 1185 per
528 1101 717 1184 compendia
750 1101 889 1183 scriptas
913 1105 983 1165 tum
1006 1123 1021 1164 s
1043 1099 1172 1167 finalem
1195 1101 1383 1184 saepissime
1406 1121 1474 1166 esse
1497 1105 1555 1165 aut
1577 1102 1728 1166 omissam
1751 1108 1811 1166 aut
1832 1121 2003 1186 perperam

347 1203 493 1268 additam
521 1225 568 1280 -3
595 1221 637 1266 an
672 1201 884 1284 imperatoria
906 1207 1016 1268 aetate
1038 1223 1059 1268 a
1081 1201 1218 1268 librario
1240 1203 1346 1268 minus
1368 1201 1498 1268 erudito
1521 1207 1554 1269 et
1577 1203 1729 1270 licentiae
1751 1204 1908 1270 sermonis
1930 1201 2003 1268 uul-

346 1307 435 1390 garis
456 1307 489 1370 in
513 1305 682 1370 scribendo
704 1305 896 1385 indulgente
918 1324 976 1368 —a
998 1303 1116 1368 omissa
1138 1303 1181 1367 sit
1206 1339 1242 1350 -
1268 1303 1358 1368 cuius
1381 1304 1429 1366 rei
1452 1304 1603 1387 exempla
1625 1309 1701 1369 sunt
1724 1325 1775 1388 ap.
1799 1303 2003 1369 Schuchardt

346 1409 423 1475 Voc.
437 1407 479 1472 II.
493 1410 544 1487 44;
578 1407 639 1471 388
666 1427 736 1490 sqq.
770 1412 804 1470 et
826 1427 878 1490 ap.
901 1404 1073 1471 Seelmann
1095 1403 1135 1471 de
1158 1403 1280 1489 appell.
1302 1427 1333 1470 ιι.
1358 1405 1416 1469 lat.
1439 1425 1469 1487 p.
1493 1405 1553 1469 962
1577 1429 1628 1486 -;
1652 1427 1694 1472 an
1716 1408 1750 1472 in
1772 1405 1833 1474 hoc
1854 1405 2002 1490 exemplo

345 1515 452 1576 exstet
485 1511 592 1594 prisca
624 1508 683 1574 illa
705 1529 764 1574 -s
786 1508 917 1574 finalem
940 1507 1132 1591 neglegendi
1154 1507 1297 1572 licentia.
1357 1505 1439 1572 Nam
1464 1509 1495 1572 in
1518 1529 1554 1572 eo
1576 1507 1754 1592 exemplari
1777 1529 1875 1574 carm.
1900 1508 2002 1574 Salia·

344 1613 391 1678 ris
424 1612 513 1694 quod
546 1617 622 1678 ante
656 1611 757 1676 oculis
791 1611 856 1676 fuit
889 1610 1039 1692 Varroni,
1062 1630 1130 1674 esse
1153 1609 1261 1692 potuit
1284 1610 1394 1674 uauei
1418 1631 1476 1693 pro
1499 1611 1642 1676 ueueis.
1690 1609 1787 1675 Velut
1808 1635 1918 1674 svavar
1943 1631 2002 1694 pro

345 1739 470 1780 svarais
492 1713 561 1778 OlL
585 1713 608 1778 Ι.
633 1711 1135 1798 lttt‘lProtogenesGlouhi]
1157 1713 1291 1778 suauei
1314 1711 1414 1790 heic,
1436 1713 1486 1790 ei,
1502 1715 1623 1784 situst
1638 1713 1789 1793 mimus;
1812 1714 1901 1796 prior
1916 1713 2016 1794 euim·

346 1837 456 1880 versus
478 1820 516 1880 ut
538 1814 598 1880 fiat
621 1815 811 1880 hexameter
833 1815 879 1878 sic
902 1819 952 1878 est
974 1814 1172 1892 recitandus,
1194 1813 1309 1879 addita
1328 1835 1388 1879 -s
1410 1814 1452 1878 ad
1475 1816 1624 1892 suauei,
1647 1815 1686 1879 de
1710 1817 1831 1898 sitpst
1854 1819 1963 1880 autem
1985 1835 2001 1879 s

345 1925 379 1982 ot
412 1925 427 1982 t
463 1918 618 1984 extremis
641 1916 793 1982 sublatis:
817 1917 1060 1999 Protogenes
1083 1915 1213 1982 Olouli
1236 1918 1393 1982 suaveis
1416 1916 1516 1994 heic,
1538 1917 1587 1994 ei,
1610 1915 1705 1982 eitu'
1728 1917 1872 1983 mimus.
1916 1917 2001 1982 item

346 2043 431 2084 rovar
465 2037 523 2101 pro
556 2041 656 2081 rovars
688 2018 723 2081 in
756 2017 887 2100 speculo
921 2023 981 2082 etr.
1016 2016 1087 2082 CIL
1121 2017 1136 2081 1
1170 2017 1210 2082 56
1246 2017 1371 2082 Ritschl
1394 2017 1452 2102 Op.
1477 2018 1524 2084 IV
1551 2019 1620 2082 110.
1679 2043 1767 2094 ovour
1802 2039 1860 2102 pro
1892 2043 2000 2094 orcam

344 2122 377 2186 in
400 2123 529 2186 uetusto
551 2125 585 2186 et
607 2119 740 2186 horrido
762 2140 860 2185 uersu
883 2119 973 2184 tituli
997 2119 1116 2186 Falisci
1138 2117 1172 2184 O.
1197 2119 1223 2184 1.
1236 2120 1272 2184 L.
1295 2119 1387 2184 1979
1411 2117 1555 2202 Cuquei
1579 2121 1651 2186 huc
1673 2121 1865 2186 dederunt
1886 2123 2000 2203 impe·

344 2223 547 2288 ratoribus
570 2223 742 2299 summis;
765 2222 821 2303 qui
845 2221 977 2288 uidetur
998 2243 1067 2286 esse
1090 2227 1283 2288 tetrameter
1299 2221 1492 2289 bacchlacus
1507 2222 1808 2288 etsicrecitandua:
1831 2221 2001 2305 Ququeis

344 2325 416 2390 hirc
439 2324 630 2390 dederint
653 2322 956 2406 impdratdribus
971 2325 1138 2388 summis.
1164 2324 1643 2408 (Imperatoribusquinqua
1656 2324 1867 2410 syllabarum,
1882 2323 2000 2408 quode

343 2428 390 2491 ita
413 2426 544 2492 delituit
566 2427 658 2491 utin
681 2409 764 2510 padi.
789 2427 1000 2508 empratois
1017 2435 1124 2492 etosc.
1137 2427 1351 2504 embratur3
1364 2425 1541 2508 quidquod
1558 2425 1839 2511 quadrisyllabum
1864 2426 1999 2510 impra-

343 2528 481 2594 torbus
504 2527 613 2611 legere
638 2527 712 2592 licet
734 2529 745 2591 i
768 2527 875 2592 media
897 2529 1023 2611 pariter
1045 2549 1220 2611 suppressa
1242 2535 1341 2612 atque
1364 2528 1597 2594 sanatorhus
1619 2528 1651 2593 S.
1675 2550 1701 2593 o.
1725 2527 1764 2594 de
1787 2527 1862 2592 Bac.
1886 2527 1910 2592 Ι.
1940 2529 2000 2593 196

343 2649 375 2691 u.
398 2629 427 2690 6.
473 2675 480 2689 .
525 2659 648 2678 --·
698 2628 913 2709 promerios
945 2649 1074 2712 prome
1108 2629 1212 2714 dius]
1236 2630 1365 2711 scripsi:
1400 2629 1609 2712 promelios
1633 2629 1756 2714 V(ind.)
1780 2629 1880 2713 b(as.)
1903 2651 1998 2714 pom.

343 2729 437 2795 elios
460 2729 495 2803 F3
518 2730 574 2794 ubi
598 2749 695 2812 pom·
718 2736 752 2793 et
769 2749 887 2814 prom·
905 2737 981 2794 sunt
993 2731 1138 2810 confusa3
1152 2729 1191 2796 cf.
1203 2729 1468 2815 p(r)omerium
1492 2731 1525 2796 in
1537 2730 1595 2795 rel.
1608 2735 1685 2795 scot.
1703 2731 1759 2794 lat.
1777 2731 1847 2796 cod.
1859 2731 1999 2811 luxemb,

344 2831 384 2898 de
407 2853 471 2914 quo
494 2829 670 2896 Stowssser
693 2829 785 2898 stud.
812 2831 904 2899 Vind.
926 2831 983 2896 Ill.
1007 2831 1036 2894 2.
1060 2832 1101 2895 34
1123 2853 1192 2916 sqq.
1239 2831 1349 2897 Verba
1365 2853 1444 2900 uera
1459 2832 1590 2898 restitui
1606 2853 1646 2897 ex
1663 2831 1771 2898 uerbis
1786 2831 1874 2898 Festi
1890 2854 1919 2917 p.
1937 2835 1998 2899 205

344 2935 386 3000 Μ.
421 2934 638 3018 promerion
670 2936 907 3019 promedium
943 2953 1044 3015 supra
1066 2933 1191 3012 allatis;
1214 2955 1254 3000 ex
1277 2955 1341 3017 quo
1376 2935 1445 3000 loeo
1481 2933 1611 3000 Festino
1633 2940 1771 3018 apparet
1793 2939 1827 3000 et
1848 2954 1997 3020 prome-

343 3041 421 3104 rioe
453 3043 487 3102 et
522 3038 740 3120 promedius
763 3039 815 3105 hio
837 3037 951 3103 fuisse:
987 3037 1494 3106 PROMERIOSPROMEDIVS.
1539 3038 1627 3117 Quas
1650 3039 1762 3104 uarias
1783 3059 1853 3104 esse
1875 3039 1997 3106 formas

343 3141 490 3207 lectionis
524 3141 658 3206 Verrius
695 3139 835 3206 fortasse
857 3139 1009 3223 opinatus
1033 3147 1092 3204 est.
1136 3142 1167 3205 Is
1189 3162 1261 3206 cum
1284 3161 1325 3206 ex
1347 3142 1498 3208 doctrina
1520 3141 1677 3206 Varronis
1700 3161 1763 3205 non
1785 3139 1937 3224 pendeat,
1961 3146 1999 3206 ut

342 3243 610 3310 demonstrarunt
641 3242 713 3307 CO
746 3241 884 3308 Mueller
917 3241 1020 3326 praei.
1064 3241 1153 3307 Festi
1187 3265 1217 3326 p.
1252 3243 1393 3328 xxlxs)
1426 3251 1459 3310 et
1480 3241 1669 3326 Nettleship
1692 3241 1784 3308 Stud.
1808 3243 1902 3308 latia.
1923 3241 1999 3328 (Es-

343 3367 425 3430 says,
442 3421 444 3424 ¹
459 3344 531 3410 Oxf.
567 3346 664 3430 1885)
697 3368 727 3428 p.
765 3345 827 3410 212
852 3365 912 3426 sq,
934 3345 1073 3410 forsitan
1095 3345 1164 3428 ipse
1188 3344 1240 3410 uel
1264 3347 1372 3429 potius
1394 3347 1464 3412 eius
1486 3350 1601 3410 auctor
1623 3343 1716 3408 aliud
1739 3345 1905 3428 exemplar
1928 3367 1998 3410 car-

342 3449 450 3512 missis
472 3447 607 3512 Saliaris
629 3468 668 3512 ac
691 3448 796 3513 Varro
818 3447 950 3530 legerit3
995 3447 1055 3512 hoc
1073 3446 1141 3512 ”vel
1164 3447 1273 3530 potius
1295 3449 1364 3512 eiua
1386 3445 1517 3512 auctor”
1540 3450 1714 3529 propterea
1726 3445 1839 3510 addidi
1851 3446 1937 3529 quod
1950 3453 2000 3511 est

344 3549 429 3632 quod
453 3550 597 3632 suspicer
624 3548 772 3614 Verrium
796 3569 858 3614 uon
881 3549 921 3612 de
943 3549 1013 3632 ipso
1036 3548 1154 3613 Saliari
1177 3551 1321 3614 carmine
1344 3549 1399 3613 sed
1422 3548 1462 3613 da
1485 3547 1724 3613 commentariis
1740 3546 1998 3612 AeliietOloatii

343 3657 377 3717 et
398 3650 500 3716 Cincii
524 3650 647 3734 glossas
669 3649 712 3716 ad
735 3649 795 3716 hoc
818 3671 948 3715 carmen
970 3651 1174 3732 pertinentes
1196 3651 1404 3734 sumpsisse·
1423 3648 1471 3714 ol.
1495 3649 1583 3715 Festi
1607 3653 1717 3714 annot.
1740 3669 1764 3713 s.
1790 3649 1998 3717 ullauuos

343 3757 376 3818 et
400 3751 610 3818 Molucrum
634 3758 668 3818 et
689 3751 823 3818 Pescia
847 3757 880 3817 et
902 3751 1030 3817 Salias
1052 3752 1238 3834 uirginea.
1282 3751 1342 3818 Sed
1368 3753 1438 3817 ueri
1460 3751 1565 3816 simile
1580 3756 1630 3816 est
1646 3749 1823 3816 Varronem
1836 3751 1941 3835 ipsum
1958 3791 1999 3800 -

343 3875 417 3920 nam
442 3875 476 3920 se
499 3875 561 3920 uon
584 3853 679 3920 modo
702 3855 786 3920 Aelii
809 3855 960 3939 magistri
982 3855 1083 3938 copiis
1105 3877 1210 3932 usum,
1232 3855 1288 3921 sod
1311 3855 1409 3920 otiam
1436 3856 1541 3938 ipsum
1564 3853 1624 3919 hoc
1645 3873 1775 3919 carmen
1799 3853 1926 3937 legisse,
1949 3855 1998 3918 ui-

342 3957 439 4024 detur
460 3956 604 4022 iudicare
627 3955 700 4022 VII.
723 3957 764 4024 ds
786 3956 865 4040 ling.
893 3956 951 4022 lat.
975 3958 993 4042 ᾗ
1016 3959 1035 4022 2
1057 3995 1099 4005 -
1121 3957 1207 4023 idem
1229 3957 1345 4041 legisse
1367 3943 1607 4041 scripsisseque.
1645 3953 1723 4021 Cod.
1746 3955 1831 4020 euim
1854 3955 1890 4032 F,
1912 3956 1998 4040 quod

343 4059 407 4124 alio
430 4059 499 4124 loco
522 4059 679 4142 exemplis
701 4059 882 4140 ostendam,
906 4059 1086 4125 latentibus
1108 4059 1234 4125 lacunis
1256 4057 1579 4144 haplographiisque‚
1603 4059 1630 4122 si
1653 4058 1775 4122 recenti
1788 4055 1927 4123 licetuti
1942 4080 1997 4124 uo·

342 4159 470 4238 cabulo,
492 4165 605 4224 scatet.
629 4197 671 4208 —-
688 4181 797 4224 enum
820 4160 994 4245 reconde]
1016 4163 1145 4246 scripsi:
1179 4183 1261 4227 enm
1283 4183 1471 4228 recum...
1496 4160 1538 4240 F;
1560 4181 1635 4226 nam
1659 4182 1680 4225 u
1705 4165 1739 4226 et
1760 4180 1779 4225 o
1801 4161 1900 4226 etiam
1923 4181 1997 4244 per-

271 4319 273 4326 .
341 4266 513 4326 mutantur
535 4263 567 4326 in
590 4261 626 4339 F,
649 4266 686 4324 ut
708 4260 756 4324 lll
779 4261 819 4324 86
842 4263 1001 4344 nungenti
1024 4263 1058 4326 F:
1081 4269 1245 4347 nongenta
1267 4263 1303 4327 L.
1327 4262 1396 4346 Sp.;
1419 4269 1586 4345 nungenta
1608 4261 1642 4326 F:
1656 4266 1831 4345 nongenta.
1875 4261 1998 4328 Sinera

341 4364 470 4446 expleui
504 4364 564 4429 boc
597 4363 741 4440 verbum,
775 4363 909 4446 scriptio
943 4365 976 4428 in
1011 4363 1035 4426 F
1070 4364 1133 4428 luit
1155 4364 1297 4442 inuersa,
1321 4383 1418 4446 quam
1442 4363 1568 4428 dicunt:
1593 4362 1787 4440 recumde3
1810 4365 1847 4426 ut
1868 4363 1902 4426 iu
1926 4362 1997 4446 lege

341 4468 474 4548 agraria
501 4467 541 4530 25
564 4465 782 4544 oomduotum;
809 4466 843 4529 iu
865 4464 928 4546 leg.
953 4464 1013 4530 lul.
1037 4485 1125 4530 mun.
1151 4468 1187 4530 l'l
1211 4464 1376 4544 damdam,
1399 4467 1440 4530 49
1463 4465 1627 4545 damdam,
1650 4463 1690 4528 58
1713 4461 1888 4528 laciumdei
1909 4465 1997 4548 (sex-

342 4568 405 4648 ies)
428 4567 592 4648 tuemdus;
617 4590 647 4631 u.
671 4566 860 4634 Schneideri
884 4567 949 4633 ind.
972 4587 1109 4650 gramm.
1132 4589 1163 4650 p.
1190 4569 1258 4632 145.
1386 4573 1388 4578 '

426 4668 474 4734 Ne
497 4671 570 4751 quis
593 4669 707 4734 eredat
730 4690 780 4734 me
803 4674 925 4735 temere
948 4671 981 4734 iu
1004 4669 1111 4734 verbis
1132 4669 1317 4736 diuidendis
1339 4671 1457 4736 codicis
1481 4669 1720 4734 auctoritatem
1734 4669 1908 4750 spreuisse,
1919 4664 1997 4734 it'em

341 4769 401 4842 hic,
435 4775 473 4834 ut
505 4771 604 4836 fiebat
638 4773 670 4836 in
694 4771 772 4836 locis
794 4793 813 4836 a
836 4772 982 4838 Varrone
1005 4770 1152 4854 prolatis,
1175 4771 1367 4853 praesertim
1390 4770 1568 4836 latinitatis
1591 4773 1810 4853 peruetustae,
1833 4789 1932 4852 quam
1959 4769 1997 4832 li·

341 4872 443 4938 brarii
471 4893 533 4937 non
556 4872 795 4955 intellegerent,
817 4874 973 4958 pleraque
996 4873 1169 4940 uerborum
1192 4879 1268 4939 sunt
1290 4873 1343 4940 uel
1367 4893 1536 4956 perperam
1558 4872 1665 4938 diuisa
1685 4869 1891 4937 uelconfusa.
1936 4869 1996 4936 Cu·

340 4975 391 5040 ius
412 4976 460 5040 rei
482 4995 554 5038 cum
577 4996 678 5057 paene
700 4976 952 5042 innumerabilia
975 4977 1039 5040 siut
1060 4973 1210 5057 exempla
1230 4975 1262 5038 in
1285 4974 1354 5038 cod.
1379 4974 1424 5052 F,
1448 4975 1529 5039 satia
1556 4975 1619 5040 erit
1642 4973 1722 5038 haec
1746 4971 1886 5056 exempli
1898 4994 1996 5039 causa
2032 4979 2036 4988 '

340 5074 459 5141 afferre
481 5095 521 5140 ex
544 5076 700 5158 proximis
721 5077 938 5160 paragraphis
961 5082 1091 5160 sumpta
1114 5075 1191 5140 VII.
1214 5075 1232 5158 ξ
1255 5077 1296 5140 28
1319 5075 1434 5141 Potoni
1456 5097 1491 5141 es
1513 5075 1570 5158 qui
1592 5097 1689 5142 senex
1706 5075 1738 5138 F:
1761 5074 1876 5142 Potoni
1889 5077 1994 5159 sesqui
