4694 6114
1186 538 1225 602 36

373 723 435 826 leb]
470 746 561 809 cuius
589 748 717 830 generis
740 745 844 812 multa
866 748 1049 830 conquisita
1071 745 1172 826 babet
1195 744 1243 808 Α1.
1269 743 1423 825 8011110111,
1447 747 1499 811 die
1522 747 1675 831 Lautges.
1700 748 1729 812 d.
1754 769 1801 831 gr.
1825 746 2035 816 Lehnwiirter

374 875 404 936 p.
428 852 487 914 101
514 872 561 932 sq.
586 887 624 897 -
649 850 717 916 Hoc
751 871 852 934 genus
886 850 1117 915 contractionis
1151 849 1304 931 frequens
1337 869 1406 914 esse
1440 850 1474 913 in
1501 851 1655 914 extremis
1683 847 1762 915 colis
1785 849 1947 914 Saturniis
1970 848 2037 912 alia

376 953 651 1020 commentatione
674 953 912 1018 demonstrabo.

462 1233 499 1297 V.
522 1233 551 1294 2.
595 1232 795 1298 Trementi
818 1233 942 1314 scripsi,
978 1255 1039 1297 non
1067 1235 1260 1315 tremonti,
1284 1253 1357 1298 cum
1381 1237 1408 1296 -i
1428 1233 1534 1298 brevis
1556 1237 1590 1298 et
1611 1237 1759 1298 extrema
1782 1233 1815 1294 in
1840 1233 1871 1296 -e‘
1895 1229 1969 1295 inde
1993 1229 2035 1294 ab

373 1335 611 1416 antiquissimis
633 1335 834 1418 temporibus
856 1342 984 1400 mutata
1006 1337 1059 1414 sit,
1088 1341 1125 1401 ut
1148 1336 1248 1401 *mari
1272 1359 1301 1400 n.
1326 1357 1384 1419 ag„
1406 1357 1496 1402 mare
1518 1333 1552 1400 O.
1579 1334 1643 1400 Sal.
1668 1335 1703 1399 II
1726 1336 1761 1416 b3
1784 1335 1892 1399 *mani
1911 1333 1960 1398 loc
1988 1355 2035 1416 sg.

374 1437 486 1520 Henry
509 1458 556 1519 gr.
580 1459 680 1520 comp.
705 1458 734 1518 p.
758 1437 864 1519 226¹),
888 1437 1242 1514 mane;*k²0smi10c.
1267 1439 1347 1519 sing.
1372 1438 1471 1522 (quod
1501 1439 1606 1520 magis
1628 1437 1822 1504 crediderim
1846 1457 1941 1520 quam
1967 1457 2037 1500 esse

375 1538 656 1604 instrumentalem
681 1539 824 1624 k²osma)
847 1542 974 1620 quami.
997 1538 1030 1604 C.
1055 1540 1119 1606 Sal.
1143 1541 1178 1604 II
1204 1541 1233 1606 b.
1258 1578 1287 1587 —
1310 1541 1492 1605 Tremont
1514 1541 1627 1605 scribit
1650 1539 1768 1604 lordan
1792 1539 1860 1604 Btr.
1878 1538 1950 1601 222.
1985 1536 2037 1600 Sic

375 1662 502 1724 quoqne
518 1643 581 1704 erit
597 1639 770 1705 Saturnius
786 1661 895 1705 uerus:
921 1643 1004 1724 prai
1028 1640 1090 1706 aad
1115 1641 1281 1706 tremdnt
1303 1641 1501 1725 quotquot.
1526 1639 1588 1705 Sed
1605 1641 1726 1705 iniuria
1741 1645 1775 1705 et
1789 1643 1907 1702 contra
1922 1657 2033 1702 ueram

376 1745 536 1809 rationem
570 1743 692 1809 Iordan
726 1743 746 1806 l.
781 1765 807 1808 c.
841 1765 872 1826 p.
906 1746 967 1808 219
1002 1766 1071 1827 sqq.
1101 1745 1285 1809 tremonti
1309 1743 1488 1808 damnauit.
1534 1741 1638 1807 Valde
1661 1746 1816 1824 corrupta
1839 1761 1915 1805 sane
1939 1739 2035 1804 lectio

376 1847 491 1911 horum
524 1844 697 1908 uerborum
732 1843 847 1908 Scauri
881 1845 975 1910 libris
1008 1857 1057 1912 est
1091 1847 1225 1912 tradita.
1249 1867 1364 1912 uerum
1387 1853 1507 1918 tamen.
1531 1845 1617 1928 quod
1641 1851 1675 1910 et
1698 1845 1731 1908 in
1753 1842 1905 1908 Palatino
1928 1841 2036 1906 codice
2070 1891 2076 1900 .

376 1954 410 2012 et
442 1949 475 2011 in
509 1945 663 2012 Beruensi
687 1953 736 2011 est
759 1947 1000 2030 'praetexere
1028 1949 1156 2014 monti'
1179 1949 1225 2033 (p.
1250 1950 1290 2012 28
1314 1949 1360 2032 Κ)
1382 1949 1450 2012 sine
1473 1947 1573 2012 dnbio
1595 1948 1703 2029 potius
1726 1944 1907 2029 putandum
1930 1944 2036 2026 primo

376 2051 476 2114 fuisse
510 2069 600 2133 prae
626 2050 697 2114 ¹ted
731 2057 925 2116 tremonte
955 2073 1053 2134 quam
1087 2073 1177 2134 prae
1211 2051 1274 2116 ted
1308 2056 1492 2128 tremont3
1526 2049 1614 2114 etin
1639 2047 1728 2114 Laeti
1754 2046 1881 2112 Sebeda
1905 2045 2037 2111 Festina

376 2150 578 2235 (panau)
612 2157 741 2233 pretet
774 2154 958 2217 tremonti
992 2155 1199 2220 manifestam
1232 2155 1369 2236 praebet
1401 2153 1485 2218 hanc
1518 2151 1699 2216 lectionem.
1744 2148 1866 2214 Horum
1903 2147 2035 2212 testium

377 2255 545 2319 amborum
569 2252 665 2320 fidem
688 2275 725 2320 eo
748 2253 912 2320 infirmare
934 2263 1071 2322 conatur
1093 2256 1212 2322 Iordan
1235 2256 1320 2339 quod
1344 2253 1512 2320 insimulat
1535 2255 1560 2316 -i
1583 2253 1727 2317 litteram
1753 2251 1883 2316 finalem
1910 2249 2036 2314 occulte

377 2347 537 2421 intextam
571 2376 639 2420 esse
672 2356 749 2420 huic
780 2355 848 2421 loco
882 2358 914 2421 in
938 2357 1099 2424 Bonnensi
1127 2359 1234 2424 codice
1268 2367 1357 2433 (nam
1385 2357 1426 2422 de
1448 2355 1600 2422 Palatino
1622 2359 1725 2432 tacet)
1746 2354 1875 2418 inscitia
1898 2353 2036 2430 librarii,

378 2457 466 2522 Festi
500 2462 608 2521 autem
642 2457 752 2522 uerbis
785 2458 901 2523 fraude
935 2457 1044 2526 Ursini
1074 2481 1103 2523 a.
1128 2462 1205 2524 1581
1231 2482 1303 2524 cum
1330 2459 1461 2524 Festum
1484 2450 1571 2542 typis
1595 2454 1775 2520 mandaret.
1820 2454 1920 2537 Atqui
1945 2452 2037 2518 nulla

378 2579 413 2624 re
437 2557 517 2622 hacc
538 2561 606 2620 tam
630 2559 746 2641 grania
768 2559 906 2624 crimina
928 2559 1163 2643 comprobauit.
1209 2559 1430 2625 Diffidendnm
1452 2564 1503 2624 est
1525 2557 1669 2623 librariis
1692 2563 1725 2620 et
1746 2555 1955 2636 editionibus,
1979 2575 2037 2618 nec

379 2667 487 2727 tamen
520 2660 622 2727 uerba
654 2661 780 2726 tradita
808 2661 953 2728 tollenda
976 2667 1034 2728 ant
1056 2662 1224 2744 mutanda,
1249 2663 1309 2728 nisi
1333 2667 1392 2728 ant
1414 2682 1472 2745 per
1494 2681 1527 2726 se
1550 2664 1689 2744 apparet
1710 2679 1749 2722 ea
1771 2655 1855 2722 falsa
1877 2677 1955 2728 esse,
1980 2661 2038 2721 aut

379 2763 537 2847 grauibus
560 2764 761 2845 argumentis
783 2763 971 2846 corruptela
993 2767 1142 2860 conpicta
1164 2771 1223 2831 est.
1268 2765 1360 2843 Quod
1384 2768 1414 2830 ni
1440 2765 1488 2829 ita
1510 2764 1625 2847 egeris,
1648 2761 1824 2844 cognitioni
1848 2759 2037 2841 antiquissi-

378 2887 450 2931 mae
485 2865 669 2934 latinitatis.
699 2867 890 2946 praesertim
925 2867 1016 2931 cuius
1038 2869 1193 2933 memoria
1215 2869 1258 2932 sit
1280 2889 1358 2933 rara
1380 2873 1480 2950 atque
1502 2867 1619 2944 tenuis,
1642 2864 1783 2944 denique
1805 2883 1898 2926 omne
1921 2859 2036 2924 tunda-

379 2973 524 3032 mentum
557 2957 779 3032 subtrahstur‘.
824 2967 870 3030 Ac
903 2968 1020 3050 potius,
1054 2970 1081 3034 si
1114 2989 1180 3050 qua
1213 2990 1276 3033 uox
1305 2969 1510 3034 uenerandae
1532 2966 1709 3032 uetustatis
1735 2965 1873 3029 duorum
1896 2964 2037 3027 triumue

379 3071 512 3134 testium
535 3090 598 3134 non
622 3069 744 3134 leuium
767 3090 933 3148 consensu,
956 3071 1042 3152 qnod
1064 3092 1140 3137 raro
1163 3069 1211 3148 fit,
1237 3071 1424 3155 posteritati
1449 3074 1500 3135 est
1526 3053 1674 3152 prodita.
1695 3065 1790 3130 modo
1817 3087 1856 3130 ne
1878 3069 2039 3147 repugnet

379 3171 481 3236 indoli
514 3191 552 3236 ac
567 3167 569 3172 ’
585 3175 724 3235 naturae
752 3173 917 3248 sermonis,
940 3175 1035 3257 aequi
1059 3175 1199 3258 bonique
1222 3175 1388 3240 consulere
1412 3173 1574 3248 debemus,
1599 3173 1695 3236 immo
1718 3170 1804 3234 laeto
1827 3171 1934 3234 animo
1957 3168 2039 3232 acci·

379 3292 465 3354 pere.
504 3270 588 3348 Quid
611 3291 689 3352 ergo
712 3271 781 3335 est?
817 3269 950 3338 Temere
973 3275 1103 3352 Iordan,
1125 3277 1151 3340 si
1167 3277 1384 3342 demonstrari
1402 3298 1464 3342 non
1481 3279 1589 3358 potest
1603 3273 1707 3337 Italos
1725 3291 1900 3354 numquam
1918 3269 2038 3334 dixisse

381 3373 580 3450 tremonti3
604 3373 683 3451 inre,
706 3375 732 3436 si
756 3378 872 3455 potest.
917 3374 1009 3452 Quod
1032 3383 1162 3442 tantum
1185 3378 1279 3443 abest
1302 3383 1338 3442 111
1362 3381 1464 3462 possit
1486 3376 1701 3442 demonstrari
1726 3379 1763 3439 ut
1789 3379 1903 3438 contra
1925 3371 2038 3454 Bngge

381 3473 422 3539 Κ.
445 3475 527 3539 Ano.
551 3473 650 3538 XXII
675 3477 737 3540 393
760 3475 856 3541 ualde
879 3478 1081 3560 probabilem
1093 3473 1218 3544 *fecerit
1241 3479 1470 3557 coniecturam,
1498 3499 1569 3542 cum
1595 3475 1688 3540 ltalia
1711 3477 1888 3540 communis
1911 3474 1953 3538 sit
1980 3479 2040 3539 -nt

383 3574 455 3658 ap.
478 3575 522 3659 pl.
546 3577 743 3652 terminatio,
777 3576 887 3642 Volsci
922 3578 993 3644 Osci
1028 3581 1173 3665 Paeligni
1208 3582 1324 3648 Umbri
1357 3582 1455 3646 etiam
1489 3581 1633 3646 dixerint
1666 3600 1736 3658 ·ns‚
1769 3579 1837 3642 eins
1866 3577 2039 3642 uarietatis

382 3697 513 3742 cansam
547 3677 644 3742 fnisse
678 3678 763 3759 quod
796 3680 876 3744 Itali
909 3681 1099 3749 habuissent
1120 3691 1155 3750 et
1177 3689 1242 3750 -nt
1264 3689 1298 3748 et
1320 3685 1397 3749 ·nti
1420 3685 1439 3747 3
1462 3705 1493 3766 p.
1516 3682 1558 3764 pl.
1582 3681 1836 3744 terminationes.
1883 3677 2039 3743 Similiter

382 3779 567 3844 Schleicher
600 3777 724 3863 Comp‘
748 3803 778 3864 p.
803 3783 873 3846 668.
917 3781 1019 3862 Ι110111,
1042 3785 1097 3850 sed
1121 3784 1252 3849 diuersa
1273 3787 1410 3858 ratione,
1433 3784 1546 3848 dicunt
1568 3781 1675 3862 Bergk
1698 3779 1756 3863 Op.
1780 3780 1807 3842 Ι.
1832 3781 2038 3844 5220101118

383 3882 613 3946 auctoritatem
647 3884 747 3947 secuti
780 3881 991 3968 Bruppacher
1023 3884 1100 3950 Oslr.
1135 3885 1311 3952 Lautlabre
1344 3907 1375 3969 p.
1409 3888 1449 3948 14
1483 3890 1516 3949 et
1550 3882 1687 3946 Enderis
1709 3880 1784 3946 Oslr.
1809 3879 2038 3946 Formenlehre

383 4006 413 4066 p.
437 3981 593 4046 XXVIII.
640 3981 765 4066 Bnggio
787 4005 937 4050 assensus
959 3993 1008 4052 est
1030 3987 1069 4052 G.
1092 3987 1202 4072 Meyer
1230 3987 1312 4053 Anu.
1336 3987 1395 4072 Gy.
1425 3987 1535 4052 Austr.
1559 3983 1670 4049 XXXI
1695 3985 1765 4063 123,
1789 3987 1816 4048 is
1839 3986 1884 4048 sic
1906 3985 2038 4048 statuit:

383 4085 477 4150 ”dass
509 4084 567 4149 der
600 4083 816 4150 Unterschied
850 4109 910 4152 ron
934 4090 1108 4172 primiirem
1132 4088 1601 4155 -ntundsecundiirem-ns
1625 4085 1737 4154 iader
1761 4084 2038 4150 Dialelrtendooh

383 4185 466 4250 ohne
500 4184 628 4251 Zweifel
662 4188 734 4250 eine
767 4188 849 4251 noch
874 4187 932 4252 auf
952 4191 1131 4258 italischem
1156 4192 1265 4258 Boden
1288 4193 1493 4258 verbandene
1518 4189 1803 4256 Verschiedenheit
1826 4194 2038 4258 voranssetzt,

384 4288 448 4352 und
483 4287 560 4353 dass
594 4309 669 4352 man
703 4287 796 4352 darin
825 4291 915 4354 nicht
937 4293 1007 4358 eine
1029 4293 1240 4377 Neubildung
1264 4295 1322 4361 der
1345 4317 1384 4360 zu
1407 4299 1468 4358 -nt
1492 4291 1766 4358 untsrschiedslos
1789 4289 2037 4372 Zusammenge-

383 4389 525 4454 fallenen
550 4389 662 4455 beiden
687 4388 868 4473 Endungen
891 4393 989 4458 seben
1011 4395 1126 4462 kann”.
1171 4395 1261 4461 Nihil
1285 4395 1393 4462 hercle
1416 4395 1545 4479 proficit
1567 4393 1688 4458 Iordan
1711 4392 1796 4476 quod
1820 4391 1899 4456 dicit
1914 4413 1944 4474 p.
1961 4395 2037 4455 221:

384 4490 494 4555 ”wenn
517 4493 600 4555 auch
623 4491 736 4576 Bugge
758 4492 901 4558 dieselbe
923 4493 992 4578 (die
1015 4496 1242 4578 Primiirform)
1265 4499 1325 4563 anf
1345 4497 1526 4563 italischem
1549 4493 1660 4560 Boden
1682 4515 1741 4559 aus
1765 4493 1840 4556 -nti
1864 4493 2037 4558 entsteben

384 4591 465 4656 liisst
499 4591 564 4656 und
598 4593 665 4658 sich
699 4593 797 4658 dafiir
830 4595 890 4659 aui
920 4595 1094 4662 'tremonti’
1128 4600 1239 4665 beruft
1271 4599 1337 4666 und
1373 4621 1434 4664 nur
1455 4597 1516 4664 aul
1534 4597 1638 4662 dieses
1661 4595 1796 4663 bernien
1819 4595 1916 4674 kann,
1939 4617 1973 4660 so
1996 4597 2039 4659 ist

384 4695 471 4758 diese
493 4693 662 4776 Berufung
685 4694 765 4760 eben
788 4694 966 4780 hinfallig”.
1014 4699 1105 4766 Vana
1127 4701 1212 4766 enim
1236 4701 1378 4784 levisque
1401 4699 1618 4783 ('’hinl'allig”)
1641 4698 1722 4764 fides
1744 4698 1840 4763 buius
1864 4697 2038 4763 ’tremonti’

385 4797 432 4860 ita
465 4793 592 4858 demum
626 4797 699 4874 erit,
733 4797 759 4860 si
793 4819 879 4862 uana
901 4798 960 4863 illa
982 4820 1002 4862 a
1024 4801 1146 4868 Iordan
1169 4801 1281 4868 oblata
1303 4803 1440 4868 crimina
1463 4802 1588 4868 fraudis
1610 4807 1644 4884 st
1666 4801 1815 4866 inscitiae
1838 4806 1933 4866 erunt
1956 4820 2039 4864 com-

385 4899 533 4981 probata.
579 4897 672 4963 Nunc
704 4906 813 4965 autem
847 4901 967 4966 Iordan
1003 4925 1060 4986 per
1093 4904 1203 4969 orbem
1237 4905 1480 4987 circumagitur,
1504 4905 1559 4985 qni
1584 4909 1621 4966 nt
1642 4903 1842 4968 demonstret
1865 4902 2038 4966 ’tremonti'

385 4999 467 5064 falso
489 4997 595 5072 scribi,
620 4987 721 5082 negat
741 5001 839 5066 talem
864 5023 974 5068 nocem
996 5005 1029 5069 in
1053 5005 1155 5072 latino
1178 5027 1323 5072 sermone
1345 5027 1499 5092 umquam
1523 5007 1631 5087 fuisse,
1653 5027 1768 5070 rursus
1783 5011 1821 5069 ut
1839 5005 2039 5068 demonstret

385 5123 456 5168 eam
479 5121 655 5188 numquam
679 5101 788 5184 luisse,
811 5106 891 5170 dicit
913 5107 958 5172 sic
981 5105 1064 5173 falso
1087 5107 1195 5176 scribi.
