4694 6114
1135 609 1173 672 51

328 779 469 845 ιιιοιιίιιιιι
492 779 661 846 reddiditr.
705 779 753 846 ef.
777 780 880 846 uerba
902 779 1099 846 Tertulliani
1120 781 1142 844 l.
1166 802 1191 845 c.
1215 802 1241 846 c.
1266 779 1295 842 2.
1319 781 1380 845 699
1405 779 1446 842 Μ.
1492 779 1575 846 ”Nos
1596 803 1695 846 unum
1719 781 1814 848 deum
1837 781 1983 860 colimus,

328 901 424 964 quem
446 902 555 948 omnes
578 883 775 948 naturaliter
796 885 907 962 nostis,
930 881 973 947 ad
995 883 1087 948 cuius
1109 881 1242 966 fulgura
1265 887 1298 946 et
1320 883 1466 947 tonitrua
1489 883 1746 956 contremiscitis,
1762 883 1804 948 ad
1821 885 1911 948 cuius
1929 883 1982 950 be·

328 983 444 1050 noticia
466 985 626 1068 gaudetis.
663 983 795 1052 Ceteros
818 991 853 1050 et
874 987 960 1069 ipsos
982 985 1045 1068 (sic
1067 983 1153 1068 lego:
1178 983 1221 1050 ’et
1242 984 1315 1067 ipsi'
1338 983 1465 1070 Migue)
1487 986 1612 1068 putatis
1635 983 1711 1050 deos
1735 1007 1814 1065 esse,
1831 1007 1910 1068 quos
1926 1007 1983 1051 nos

327 1084 504 1152 daemonas
526 1087 671 1152 scimus’'.
759 1173 763 1180 ‚

413 1187 472 1253 His
505 1189 608 1269 igitur
640 1211 725 1272 quae
752 1211 837 1256 nunc
859 1189 1029 1274 disputata
1051 1195 1128 1254 sunt
1150 1187 1291 1254 efficitur
1314 1187 1464 1274 primum,
1487 1189 1580 1254 illum
1605 1189 1717 1254 ”deum
1740 1189 1890 1256 deorum”
1914 1189 1983 1255 Ma-

328 1290 430 1356 crobii
452 1311 515 1356 non
538 1291 619 1356 satis
642 1293 814 1358 conuenire
837 1314 908 1357 oum
932 1295 1141 1376 antiquorum
1164 1313 1371 1358 romanorum
1394 1292 1434 1358 de
1457 1293 1507 1358 dis
1523 1279 1718 1362 notiomhus.
1736 1293 1861 1372 deinde,
1877 1294 1903 1358 si
1919 1292 1983 1358 dici

328 1393 499 1476 potuisset,
520 1415 584 1458 non
607 1393 732 1468 lanum,
756 1395 812 1460 sed
835 1395 943 1460 Iouem
968 1394 1031 1459 dici
1055 1395 1213 1460 debuisse.

413 1492 529 1558 Restat
564 1501 600 1558 ut
632 1515 827 1578 quaeramus
860 1517 944 1579 quae
978 1495 1143 1562 Macrobio
1177 1497 1230 1563 uel
1258 1495 1365 1582 potius
1387 1498 1457 1562 eius
1479 1497 1669 1562 auctoribus
1692 1519 1808 1563 causas
1831 1504 1864 1562 st
1887 1497 1985 1562 initia

329 1595 450 1660 luerint
484 1594 600 1660 lanum
633 1596 682 1662 ita
708 1596 955 1681 interpretandi.
1000 1596 1092 1674 Quod
1119 1603 1157 1662 nt
1180 1599 1397 1681 perspiciatur
1418 1598 1524 1682 plane,
1547 1619 1599 1664 res
1621 1599 1713 1664 nobis
1736 1602 1785 1663 est
1807 1598 1985 1681 repetenda

328 1696 438 1761 altius.

413 1799 484 1865 Iani
517 1800 567 1864 uis
600 1821 639 1865 ac
671 1805 817 1883 potestas
849 1822 914 1883 quo
947 1804 1052 1888 magis
1084 1809 1157 1869 erat
1191 1803 1389 1869 obscuritate
1423 1801 1573 1868 inuoluta
1605 1825 1643 1869 eo
1669 1803 1774 1888 magis
1796 1803 1985 1895 commentis

327 1903 532 1986 physicorum
556 1902 662 1968 lucum
685 1901 785 1969 dedit.
831 1903 947 1988 ltaque
971 1927 1066 1990 quem
1089 1928 1187 1989 penes
1210 1927 1279 1971 esse
1302 1900 1489 1970 dicerentur
1511 1904 1690 1987 primordia
1712 1905 1801 1970 uitae
1825 1905 1984 1972 humanae

328 2004 557 2089 concipiendae
590 2026 764 2089 rerumque
798 2007 1001 2090 agendarum
1034 2008 1140 2086 initia,
1174 2028 1247 2071 eum
1285 2009 1465 2071 ceterarum
1505 2026 1634 2089 quoque
1672 2026 1782 2070 rerum
1818 2011 1983 2072 auctorem

328 2105 477 2172 fecerunt
500 2109 716 2190 posteriorum
738 2109 900 2192 argutiae.
945 2109 989 2174 Et
1011 2109 1106 2175 huius
1129 2109 1176 2174 rei
1199 2109 1322 2194 gradus
1344 2109 1478 2190 quidam
1501 2117 1601 2192 atque
1623 2111 1824 2175 incrementa
1846 2131 1985 2174 cernun-

328 2215 395 2272 tur.
439 2205 522 2273 Nam
546 2207 631 2292 qnod
655 2208 814 2274 Hesiodus
837 2209 917 2274 dicit
939 2210 1058 2292 Theog.
1084 2209 1144 2272 116
1167 2203 1238 2292 ἤτοι
1262 2206 1321 2286 μὲν
1342 2207 1516 2292 πρώτιστα
1538 2207 1626 2294 χάος,
1649 2210 1682 2274 id
1705 2215 1874 2293 arreptum
1897 2209 1985 2276 Cice·

327 2311 607 2382 1011111111111
642 2317 770 2397 etpost
793 2334 863 2378 eam
886 2313 1012 2396 physici
1034 2311 1172 2376 Romani
1194 2311 1236 2376 ad
1259 2311 1384 2388 Ianum,
1408 2318 1445 2376 ut
1466 2311 1698 2394 principiorum
1722 2312 1818 2378 deum
1842 2317 1984 2377 transtu·

328 2411 448 2485 lerunt,
472 2419 510 2476 ut
532 2413 618 2478 idem
641 2414 805 2480 diceretur
828 2419 927 2498 atque
947 2411 1038 2495 χάος.
1088 2412 1220 2477 Verrius
1242 2411 1378 2476 Flaccus
1400 2433 1452 2494 ap.
1475 2411 1613 2478 Paulum
1637 2413 1724 2478 Festi
1748 2435 1778 2496 p.
1801 2414 1841 2477 52
1864 2409 1987 2478 ”Chaos
2028 2439 2037 2446 ·

329 2515 474 2599 appellat
497 2515 658 2581 Hesiodus
680 2517 846 2582 confusam
869 2515 1035 2598 quandam
1057 2515 1099 2580 ab
1122 2515 1217 2579 initio
1239 2513 1410 2592 unitatem,
1433 2513 1579 2580 hiantum
1601 2521 1831 2598 potentemque
1854 2515 1887 2578 in
1912 2535 1984 2598 pro·

328 2615 464 2682 fundum
490 2655 527 2665 —
553 2657 591 2667 —
617 2617 711 2683 Unde
744 2617 843 2683 Ianus
876 2618 1029 2684 detracta
1061 2617 1260 2701 aspiratione
1287 2615 1359 2680 ideo
1383 2613 1469 2698 quod
1492 2615 1591 2681 fuerit
1613 2617 1755 2681 omniurn
1778 2615 1912 2699 primus„
1935 2615 1986 2678 cui

329 2719 433 2802 primo
456 2719 687 2803 supplicabant
709 2719 813 2784 ueluti
836 2721 976 2804 parenti,
1000 2726 1033 2785 et
1055 2741 1075 2784 a
1098 2739 1162 2800 qno
1187 2739 1295 2783 rerum
1317 2720 1459 2782 omnium
1481 2716 1646 2800 putabant
1668 2715 1825 2782 initium”.
1873 2717 1986 2782 Verrio

329 2821 432 2904 igitur
465 2821 606 2886 noudum
642 2821 706 2886 fuit
741 2822 840 2887 lanus
862 2821 918 2888 ille
951 2823 1078 2888 ”rerum
1111 2820 1228 2900 sator”,
1262 2839 1358 2901 quem
1392 2825 1504 2902 postea
1530 2840 1603 2884 eum
1627 2818 1782 2884 dixerunt
1805 2841 1868 2886 nou
1891 2818 1986 2883 modo

329 2923 523 3006 philosophi,
556 2923 612 2988 sed
646 2925 745 2990 ctiam
778 2929 902 3007 poetae.
947 2922 1112 2989 Martialis
1133 2921 1165 2986 X
1188 2921 1237 2988 28.
1263 2925 1289 2985 1.
1334 2920 1480 2986 Serenus
1507 2943 1560 3004 ap.
1593 2919 1665 2987 Ter.
1689 2921 1792 2986 Maur.
1817 2943 1847 3005 p.
1873 2921 1986 2986 3821<

331 3023 411 3088 1893
444 3023 541 3091 ”lane
575 3031 680 3108 pater,
713 3026 791 3092 Iane
819 3032 924 3105 tuere,
951 3025 1026 3092 diue
1050 3025 1157 3109 biceps
1180 3024 1336 3104 biformis,
1359 3045 1378 3090 o
1400 3030 1473 3090 cate
1495 3045 1604 3090 rerum
1627 3029 1727 3104 sator,
1750 3045 1768 3088 ο
1791 3024 1986 3108 principium

329 3126 490 3192 deorum”.
537 3129 583 3194 Ac
605 3151 645 3194 ne
670 3127 774 3194 Varro
797 3129 928 3211 quidem
950 3129 1020 3194 eius
1042 3128 1210 3194 doctrinae
1233 3133 1348 3192 auctor
1371 3124 1594 3190 nominandus.
1637 3124 1670 3190 Is
1697 3145 1770 3190 cum
1794 3125 1900 3190 multa
1923 3147 1986 3190 uon

328 3229 423 3294 modo
445 3229 488 3295 ad
510 3229 678 3296 Cleanthis
700 3231 877 3310 lucernam,
899 3231 956 3297 sed
978 3231 1078 3296 etiam
1100 3231 1143 3294 ad
1166 3230 1303 3296 Zenonis
1325 3233 1359 3293 et
1380 3227 1552 3312 Chrysippi
1580 3227 1777 3302 lucubrans,
1794 3234 1864 3294 tum
1887 3227 1987 3294 fabri-

328 3337 472 3398 catorem
507 3334 618 3398 mundi
653 3341 687 3398 et
718 3337 877 3399 rectorem
910 3339 944 3397 et
978 3333 1072 3416 quasi
1094 3334 1237 3398 animum
1261 3329 1347 3395 dixit
1368 3329 1488 3407 Iouem,
1513 3331 1568 3411 qni
1592 3331 1730 3413 primam
1757 3331 1848 3394 illam
1870 3331 1987 3396 molem

328 3455 368 3499 ex
391 3439 549 3518 quattuor
571 3433 739 3502 elementis
761 3439 980 3500 constructam
1007 3439 1040 3500 et
1062 3439 1264 3518 compactam
1291 3431 1426 3516 impleat
1452 3439 1485 3498 et
1507 3439 1648 3510 moueat,
1671 3453 1767 3514 qnam
1795 3433 1912 3499 molem
1935 3433 1987 3498 Ia-

286 3557 288 3568 ·
329 3558 406 3602 num
428 3536 566 3602 Ouidius
589 3576 626 3586 -
651 3539 812 3605 incertum
835 3542 946 3602 utrum
971 3537 1117 3603 Varrone
1140 3559 1182 3602 an
1206 3535 1332 3612 Verrio,
1355 3533 1484 3599 homine
1506 3533 1647 3618 aequali,
1671 3538 1805 3600 auctore
1827 3573 1870 3584 -
1886 3537 1986 3600 nomi·

329 3645 396 3702 nat.
440 3637 577 3704 Ouidius
599 3639 615 3703 l
639 3639 726 3706 Fast.
753 3643 811 3706 103
834 3661 904 3724 sqq.
949 3639 1064 3705 Ianum
1098 3640 1144 3703 sic
1176 3637 1388 3703 disserentem
1411 3637 1553 3701 inducit:
1576 3635 1644 3702 ”me
1666 3633 1772 3702 Chaos
1794 3639 1923 3718 antiqui
1947 3674 1988 3686 —

328 3761 403 3805 nam
427 3763 497 3807 sum
520 3763 573 3807 res
595 3743 702 3826 prisca
725 3781 763 3791 -
787 3743 963 3810 uocabant:
987 3742 1095 3826 aspice
1119 3761 1216 3824 quam
1239 3739 1329 3822 longi
1352 3738 1509 3823 temporis
1536 3743 1611 3804 acta
1638 3760 1763 3818 canam,
1786 3739 1914 3804 lucidus
1936 3737 1988 3803 hic

328 3863 385 3908 aer
408 3849 558 3928 atquae
581 3845 646 3911 tria
668 3867 805 3930 corpora
826 3850 965 3925 restant,
987 3843 1073 3928 ignis
1095 3864 1200 3927 aquae
1223 3840 1331 3924 tellus,
1355 3863 1439 3906 unus
1461 3861 1599 3906 aceruus
1622 3849 1704 3921 erat,
1727 3849 1765 3906 ut
1787 3842 1885 3908 semel
1908 3841 1988 3908 haec

328 3966 438 4010 rerum
461 3947 593 4012 secessit
615 3947 673 4012 lite
696 3969 830 4013 suarum
853 3949 951 4032 inque
974 3967 1076 4013 nouas
1098 3946 1181 4010 abiit
1203 3965 1310 4010 massa
1332 3943 1441 4009 soluta
1464 3942 1588 4008 domos:
1611 3942 1743 4008 flamma
1767 3946 1849 4029 petit
1871 3944 1987 4019 altum,

328 4047 459 4129 propior
491 4045 580 4112 locus
612 4051 690 4112 adra
722 4051 817 4132 cepit,
851 4049 1006 4114 sederunt
1040 4047 1145 4114 medio
1172 4053 1263 4114 terra
1291 4045 1475 4130 fretumque
1497 4045 1575 4125 solo,
1598 4050 1677 4112 tnnc
1699 4067 1759 4130 ego
1781 4048 1838 4130 qui
1860 4046 1987 4112 fueram

329 4150 445 4232 globus
480 4157 513 4218 et
546 4151 614 4216 sine
647 4152 789 4235 imagine
823 4151 932 4230 moles,
966 4151 1000 4216 in
1024 4149 1138 4216 faciem
1161 4149 1243 4215 redii
1265 4147 1428 4230 dignaque
1452 4147 1598 4212 membra
1620 4147 1709 4216 deo'’.
1753 4147 1800 4212 (ll.
1825 4147 1921 4214 schol.
1945 4148 1988 4213 ad

327 4249 460 4318 Hesiod.
483 4249 604 4336 Theog.
631 4253 699 4315 116.
722 4253 783 4316 477
808 4257 849 4335 (p.
873 4253 936 4316 220
959 4251 1072 4334 Flach)
1096 4249 1115 4336 ἦ
1137 4245 1195 4316 οὖν
1217 4245 1267 4326 εἰς
1289 4249 1330 4313 τὰ
1354 4255 1505 4329 στοιχεῖα
1522 4247 1689 4331 διάκρισις
1704 4248 1758 4314 καὶ
1780 4248 1987 4337 διαχώρησις,

327 4353 416 4430 χάος.
461 4353 566 4420 Varro
589 4376 652 4420 non
675 4354 769 4420 modo
792 4354 970 4437 primordia
992 4353 1116 4434 mundi,
1139 4351 1195 4418 sed
1218 4351 1454 4434 quodammodo
1477 4351 1634 4416 muudum
1650 4353 1754 4434 ipsum
1771 4351 1844 4417 Iani
1860 4354 1988 4418 nomine

328 4455 577 4539 comprehendit
598 4477 650 4540 ap.
675 4455 755 4540 Aug.
778 4454 813 4520 C.
836 4457 875 4535 1),
898 4454 972 4521 Vll.
995 4458 1025 4536 7,
1048 4455 1105 4522 sed
1127 4457 1195 4520 uim
1217 4453 1410 4520 effectricem
1434 4473 1616 4536 causasque
1638 4475 1748 4526 eorum
1768 4475 1852 4536 quae
1872 4455 1987 4522 fierent

328 4557 360 4622 in
383 4557 504 4624 mundo
526 4557 599 4624 Ioui
621 4557 748 4632 tribuit,
772 4561 856 4642 Aug.
879 4555 913 4623 Ο.
936 4557 975 4624 D.
998 4557 1077 4622 VII.
1093 4559 1122 4623 9.
1157 4557 1322 4642 Vergilius
1338 4557 1421 4622 hanc
1436 4557 1617 4622 doctrinam
1636 4561 1765 4622 secutus
1780 4557 1891 4622 Iouem
1907 4558 1988 4623 dicit

329 4679 387 4742 per
420 4661 529 4724 omnia
562 4659 735 4744 pertinere.
781 4658 877 4742 Verg.
910 4657 1027 4744 Georg.
1061 4659 1105 4724 IV
1141 4662 1201 4726 221
1232 4659 1345 4727 ”deum
1373 4679 1513 4742 namque
1535 4661 1582 4724 ire
1606 4681 1665 4743 per
1686 4681 1795 4726 omues
1817 4665 1987 4744 terrasque

328 4767 520 4844 tractusque
542 4764 643 4828 maris
665 4761 858 4846 caelumque
880 4761 1105 4847 profundum.
1149 4762 1197 4828 (11.
1212 4763 1305 4846 Ἀιις.
1330 4760 1363 4826 0.
1389 4761 1428 4824 D.
1451 4761 1497 4826 IV
1520 4783 1546 4826 c.
1573 4763 1621 4826 11.
1666 4762 1767 4840 Quem
1790 4767 1900 4827 antem
1922 4763 1987 4846 pri·

328 4885 416 4930 mum
450 4863 532 4928 illud
566 4862 606 4930 d'e
639 4863 720 4930 Iano
752 4885 861 4930 rerum
895 4873 1002 4932 satore
1035 4867 1222 4933 abstrusum
1251 4888 1309 4932 nec
1336 4871 1404 4930 tam
1427 4865 1461 4930 in
1484 4885 1622 4948 persona
1644 4870 1735 4930 certa
1758 4865 1810 4930 dei
1833 4885 1930 4948 quam
1953 4867 1987 4929 in

328 4968 459 5034 notione
481 4967 611 5032 infinita
633 4967 784 5054 principii
806 4967 949 5033 locatum
972 4969 1128 5049 docuisse,
1150 4969 1183 5034 in
1206 4968 1328 5034 litteris
1349 4967 1504 5032 memoria
1520 4971 1640 5044 exstat,
1654 4965 1682 5032 is
1696 4967 1759 5031 luit
1775 4965 1818 5030 M.
1834 4965 1989 5034 Messalla

330 5089 445 5154 augur,
478 5069 506 5134 is
539 5068 595 5151 qui
629 5069 741 5134 consul
763 5069 827 5134 luit
849 5091 878 5134 a.
902 5068 1010 5134 DCCI.
1054 5069 1128 5147 Hic,
1150 5073 1233 5135 teste
1257 5066 1423 5134 Macrobio
1446 5065 1471 5130 1.
1495 5069 1524 5131 9.
1551 5068 1599 5139 14,
1623 5067 1663 5131 de
1686 5063 1765 5132 Iano
1787 5067 1835 5132 ita
1857 5068 1985 5151 incipit:

330 5171 403 5254 ”qui
436 5175 552 5238 cuncta
585 5169 682 5256 fingit
714 5171 891 5255 eademque
924 5173 1020 5256 regit,
1054 5193 1158 5257 aquae
1192 5175 1365 5253 terraeque
1400 5170 1465 5234 nim
1493 5189 1532 5234 ac
1553 5174 1705 5234 naturam
1728 5189 1863 5253 grauem
1886 5175 1987 5253 atque

1903 5277 1919 5326 a
