4694 6114
1201 555 1241 618 32

386 720 453 787 fere
476 720 588 788 eadem
612 729 721 789 aetate
744 744 809 804 qua
831 724 878 788 illi
902 725 958 807 qui
971 726 1004 788 in
1017 715 1069 788 -irs
1092 723 1246 788 desinunt
1268 725 1380 809 scripti
1393 745 1400 786 :
1413 721 1569 788 SENATI
1582 726 1754 808 quinquies
1766 724 1791 788 l.
1805 729 1864 792 547
1879 749 1913 804 ε;
1928 725 1962 806 b,
1976 727 2047 808 5493

391 824 460 902 1993
483 824 554 900 ‘2003
578 826 685 908 priore
707 833 800 908 parte
820 827 941 892 saeculi
968 825 1039 900 VII,
1062 833 1095 892 et
1118 826 1216 891 unul
1240 826 1264 890 Ι.
1289 830 1350 891 584
1373 831 1405 892 in
1420 829 1470 892 tit.
1485 827 1815 894 interaneorum
1827 836 1861 895 et
1874 829 2046 896 DCLXXV

387 925 523 1010 script03
547 927 603 992 sed
626 929 706 993 haee
729 931 854 993 senati
879 929 953 994 laci
978 931 1128 1012 qnoniam
1154 928 1348 994 heteroclita
1370 936 1456 1008 sunt,
1479 935 1516 994 nt
1539 929 1619 994 nihil
1643 932 1830 1013 pertineant
1843 933 1883 998 ad
1898 953 1953 997 eas
1966 953 2048 1016 quas

390 1029 579 1110 quaerimus
601 1051 699 1095 ueras
720 1029 841 1120 formas
864 1032 1002 1113 genitiui
1025 1038 1164 1112 quartae
1187 1031 1424 1102 declinationis,
1449 1031 1539 1096 nulla
1563 1051 1672 1096 eorum
1697 1033 1784 1098 ratio
1807 1035 2049 1116 potesthaberi.

385 1129 508 1195 -VOS
527 1128 605 1196 uerd
628 1131 806 1214 antiquius.
831 1134 917 1216 qnod
941 1141 1050 1198 exstat
1073 1140 1123 1197 ter
1147 1133 1304 1216 scriptum
1328 1135 1360 1197 in
1389 1131 1419 1196 S.
1443 1132 1476 1196 O.
1501 1131 1541 1197 de
1564 1133 1639 1197 Bac.
1662 1131 1882 1199 SENATVOS
1905 1145 1938 1200 et
1960 1135 2049 1200 falis-

389 1253 462 1297 enm
485 1231 684 1300 ZENATVO
710 1236 755 1298 ll.
780 1233 800 1296 3
823 1233 1009 1298 Schneider.
1055 1236 1174 1300 Verum
1200 1248 1306 1301 lamen
1330 1237 1380 1300 his
1404 1236 1530 1300 duobus
1552 1235 1709 1320 exemplis
1733 1259 1795 1304 uon
1818 1238 1912 1303 modo
1929 1239 2049 1304 nouel-

388 1335 496 1402 licitnr
530 1342 658 1402 ueteres
691 1357 865 1418 numquam
902 1337 1002 1402 IVtae
1025 1337 1253 1403 declinationis
1276 1340 1456 1419 genitiuum
1482 1361 1538 1422 per
1561 1337 1683 1404 -OVS
1707 1339 1834 1419 fecisse;
1858 1341 1913 1405 sed
1939 1343 2047 1417 etiam,

389 1459 461 1503 cum
486 1437 562 1502 inde
585 1437 627 1502 ab
650 1438 735 1502 omui
759 1445 903 1520 tempore
927 1439 956 1503 iu
981 1438 1073 1503 libris
1095 1439 1216 1512 latinis,
1241 1440 1266 1503 si
1291 1461 1309 1502 a
1333 1440 1444 1522 paucis
1467 1440 1571 1520 iisque
1594 1439 1728 1504 incertis
1751 1439 1946 1520 discesseris,
1959 1443 2049 1524 geni-

388 1543 447 1606 tiui
471 1541 570 1604 huius
593 1539 821 1604 declinationis
843 1541 875 1604 in
898 1553 989 1604 -ῐιε
1012 1541 1142 1620 cadant,
1167 1564 1228 1606 uon
1252 1541 1386 1605 dubium
1410 1547 1460 1604 est
1482 1541 1565 1624 quin
1590 1542 2050 1625 etiamautiqnitus-i'rsnel

391 1644 499 1726 potius
522 1662 629 1706 —0us
651 1641 804 1704 usitatior
827 1640 927 1705 fuerit
950 1651 1069 1724 quarta
1092 1643 1309 1710 declinatione
1333 1644 1470 1727 genitiui
1493 1645 1693 1708 terminatio.
1739 1643 1782 1708 Ει
1804 1645 2050 1712 intitulisauti-

388 1745 552 1828 quissimis
575 1764 651 1808 casu
675 1741 830 1806 accidisse
852 1743 1032 1825 putandum
1057 1751 1106 1808 εει
1129 1749 1166 1808 nt
1189 1745 1279 1809 nulla
1303 1745 1399 1808 huius
1423 1746 1551 1826 generis
1575 1746 1661 1810 inter
1684 1751 1750 1810 tam
1775 1767 1879 1829 pauca
1901 1747 2050 1831 exempla

389 1849 586 1911 uetustatem
611 1843 744 1908 ferrent.
791 1841 902 1926 Neque
925 1847 1010 1910 enim
1033 1860 1111 1911 --us
1135 1848 1273 1930 genitini
1292 1847 1480 1912 terminatio
1495 1870 1552 1929 per
1564 1850 1821 1914 contractionem
1835 1849 1968 1916 uidetur
1979 1871 2049 1916 esse

389 1951 487 2017 lacta.
532 1949 628 2016 Certe
651 1971 713 2014 uon
737 1970 777 2013 ex
799 1969 929 2032 -uus,
953 1971 1037 2032 quae
1051 1973 1118 2016 nee
1141 1953 1324 2034 antiquitus
1346 1951 1409 2015 fuit
1432 1951 1570 2033 genitiui
1596 1952 1782 2016 terminatio
1806 1973 1864 2017 nec
1886 1953 2049 2019 contrahi-

388 2061 443 2118 tur
466 2053 526 2118 nisi
550 2053 713 2117 interdum
738 2072 865 2116 semone
890 2055 1034 2133 uulgari3
1057 2054 1249 2136 plerumque
1273 2053 1450 2136 geminatio
1474 2052 1605 2118 litterae
1630 2053 1655 2116 V
1679 2059 1809 2119 retenta
1831 2063 1881 2120 est
1907 2077 1946 2120 ea
1980 2058 2049 2140 qui-

388 2155 458 2221 dem
494 2177 573 2222 uoce
597 2175 681 2236 quae
705 2153 834 2219 litteras
858 2155 1076 2237 exprimeret:
1098 2163 1272 2219 mortuus
1295 2155 1471 2236 irriguus
1494 2175 1647 2219 uacuus.
1684 2156 1729 2220 Ac
1753 2176 1792 2220 ne
1814 2179 1853 2221 ex
1877 2158 1956 2222 -iiis
1978 2157 2050 2240 qui·

387 2258 471 2332 dem,
495 2258 708 2340 nequeenim
731 2255 971 2322 contrahuntur
994 2255 1071 2320 luis
1094 2258 1175 2320 ruis
1198 2257 1292 2322 fluis
1316 2257 1467 2329 minuis,
1512 2255 1599 2321 Illud
1622 2259 1708 2322 enim
1732 2261 1826 2324 —iris
1837 2260 2048 2344 indeaprin·

386 2361 470 2444 cipio
493 2358 606 2424 debuit
629 2379 697 2424 esse
720 2363 740 2422 ιι
761 2367 922 2444 correpto,
949 2359 1017 2424 siue
1041 2357 1161 2424 facturn
1187 2367 1236 2425 est
1259 2383 1298 2424 ex
1323 2371 1457 2425 -euos
1479 2381 1618 2425 —ouos
1647 2399 1674 2406 -
1688 2383 1753 2426 uos
1776 2399 1816 2409 -
1839 2363 1879 2427 cf.
1897 2362 1938 2429 de
1951 2365 2048 2428 *neno

391 2463 430 2527 de
454 2464 555 2526 *nouo
578 2460 693 2538 deuito,
715 2464 824 2528 *senos
846 2483 941 2528 sonos
965 2468 1039 2528 siros
1050 2469 1083 2528 et
1095 2465 1192 2528 liuius
1204 2464 1280 2528 libri
1294 2486 1323 2548 p.
1339 2464 1378 2528 23
1391 2485 1438 2546 sq.
1452 2465 1519 2528 siue
1532 2485 1571 2527 ex
1587 2470 1696 2530 -iios
1708 2466 1881 2548 principali
1894 2467 2047 2532 termina-

388 2565 490 2642 tione;
513 2564 552 2628 cf.
577 2585 624 2648 gr.
649 2553 770 2642 ἰχθύος
792 2556 925 2649 deping
950 2585 1024 2630 nam
1047 2564 1144 2644 δρῡός
1166 2565 1235 2632 Ηοε
1258 2561 1351 2640 iidoc
1375 2571 1405 2629 (D
1428 2567 1489 2630 318
1508 2575 1584 2632 sunt
1606 2567 1800 2632 secundaria
1811 2574 1845 2633 et
1857 2567 2047 2634 nominatiui

387 2667 523 2732 sormam
557 2667 701 2734 themate
724 2669 906 2742 imitantur,
930 2669 1016 2751 quod
1044 2689 1121 2734 uere
1148 2669 1242 2734 docet
1264 2668 1300 2733 G.
1326 2668 1435 2752 Meyer
1457 2667 1513 2733 Gr.
1537 2667 1594 2734 Gr.
1617 2690 1629 2729 a
1651 2670 1670 2753 ᾗ
1693 2668 1763 2734 ³41.
1809 2669 1884 2736 Siue
1910 2671 2048 2752 denique

386 2771 491 2834 -iris
513 2791 571 2852 per
594 2769 808 2855 ouvendpopq'r
831 2777 943 2838 uatum
967 2779 1027 2848 εει,
1050 2793 1121 2854 geu.
1147 2773 1252 2835 --uis
1275 2771 1322 2835 ita
1345 2772 1459 2836 estad
1482 2771 1549 2835 dat.
1571 2772 1664 2846 -iri,
1688 2776 1726 2836 ut
1748 2767 1942 2856 geussgruis
1968 2773 2049 2837 suis

387 2873 492 2938 louis
514 2874 555 2938 ad
580 2873 646 2938 dat.
670 2874 756 2956 grui
779 2875 837 2938 sui
858 2873 952 2938 loni.
998 2875 1132 2956 Antiqui
1158 2875 1286 2956 quidem
1311 2875 1373 2956 ipsi
1398 2875 1561 2957 putabant
1583 2887 1672 2938 —us
1695 2881 1728 2940 et
1747 2887 1782 2939 -u
1794 2896 1833 2940 ao
1844 2876 2048 2942 rursus-uis

389 2981 422 3039 et
445 2977 497 3039 -ui
520 2977 606 3040 iuter
629 2996 663 3040 se
686 2981 765 3058 apta
787 2981 820 3040 et
842 2977 1014 3040 coniuncta
1037 2997 1114 3056 esse,
1140 2997 1213 3040 nam
1239 2975 1342 3040 Varro
1366 2984 1399 3039 et
1423 2974 1572 3058 Nigidius
1598 2983 1679 3041 teste
1701 2974 1807 3042 Gellio
1830 2976 1874 3041 IV
1892 2981 1927 3040 16
1945 2979 2048 3061 patri-

387 3099 439 3141 um
476 3099 584 3143 casum
618 3099 676 3160 per
700 3079 805 3141 -uis
828 3079 1021 3162 pariterque
1043 3077 1189 3142 datiuum
1214 3098 1271 3160 per
1294 3077 1379 3141 -ui
1403 3077 1563 3155 lecerunt3
1587 3075 1762 3158 Caesario
1787 3075 1880 3142 libris
1902 3079 2048 3163 analogi-

388 3179 433 3242 cis
455 3199 600 3260 eaquae
624 3184 731 3242 essent
755 3177 849 3242 huius
872 3179 1002 3261 generis
1025 3180 1093 3242 sine
1113 3178 1121 3240 i
1147 3177 1260 3242 littera
1283 3178 1420 3243 dicenda
1443 3181 1572 3244 censuit
1595 3179 1636 3244 ad
1659 3181 1793 3262 eiusque
1817 3181 2048 3248 auctoritatem

387 3301 420 3344 se
454 3279 639 3364 applicauit
671 3277 776 3345 Iulius
810 3281 975 3348 Romanus
1007 3303 1058 3365 ap.
1084 3277 1266 3346 Charisinm
1291 3301 1320 3364 p.
1345 3284 1395 3346 55.
1424 3287 1437 3346 l
1464 3281 1503 3345 K.
1526 3281 1746 3358 Quintilianus
1769 3281 1794 3345 1.
1818 3284 1846 3344 6.
1872 3283 1910 3346 27
1936 3281 2048 3349 haeret

388 3383 606 3466 mem

474 3673 508 3738 V.
535 3678 561 3738 l.
595 3673 756 3758 Pote(m)
778 3695 843 3738 aee.
866 3675 950 3756 sing.
973 3674 1154 3738 atributnm
1178 3680 1227 3740 est
1249 3681 1282 3738 et
1305 3673 1352 3738 illi
1377 3673 1531 3740 Diouem
1554 3677 1699 3740 iunctum
1725 3675 1815 3740 Nom.
1832 3677 1913 3757 sing.
1931 3678 2045 3759 potis,

388 3777 464 3841 inde
487 3799 507 3841 a
528 3775 652 3842 Catulli
674 3783 783 3842 aetate
807 3783 909 3860 pote,
932 3799 997 3860 qna
1019 3799 1092 3842 eum
1114 3777 1214 3841 uerbo
1237 3774 1325 3840 ¹'esse’
1349 3797 1413 3858 qna
1436 3778 1504 3842 siue
1527 3799 1574 3848 eo,
1591 3776 1740 3841 similiter
1753 3799 1790 3842 ac
1807 3779 1904 3842 satis
1920 3780 2047 3861 praedi-

389 3887 499 3944 catum
523 3901 591 3944 esse
615 3879 705 3952 solet,
730 3885 763 3944 et
785 3881 849 3944 iam
873 3881 1055 3962 antiquitus
1078 3879 1235 3947 declinari
1257 3878 1400 3943 desitum
1421 3887 1478 3942 εει.
1525 3879 1643 3944 Verum
1669 3887 1777 3943 tamen
1795 3878 1977 3944 fuissecum
1992 3882 2046 3950 de-

389 3983 567 4047 clinaretur
589 3981 709 4047 indicio
732 3991 780 4047 est
794 4005 875 4048 nour.
900 3983 983 4066 plur.
1007 3991 1117 4067 potes
1140 3983 1280 4050 traditus
1303 4005 1323 4046 a
1349 3980 1492 4048 Varrone
1515 3983 1555 4047 de
1577 3981 1885 4064 augurnmlibrisL
1906 3983 1981 4049 [ιιι
2007 3990 2046 4052 58

389 4085 470 4150 diui
495 4087 560 4167 qui
584 4090 691 4168 potes
714 4107 772 4169 pro
795 4085 850 4150 illo
874 4087 959 4168 quod
983 4085 1210 4152 Samothraees
1233 4081 1308 4148 5εοὶ
1334 4087 1475 4151 δυνατοί.
1525 4087 1616 4154 luter
1638 4109 1757 4162 omnes,
1781 4088 1904 4170 opinor,
1918 4096 2047 4154 constat

389 4191 447 4256 hoc
469 4211 538 4255 esse
561 4189 646 4254 idem
670 4189 865 4254 uocabulum
888 4190 973 4272 quod
998 4191 1087 4274 goth.
1104 4191 1347 4273 nominat-laps
1363 4195 1730 4278 etpuriacognatarum
1746 4194 1942 4276 linguarum,
1961 4214 2045 4276 quae
2112 4205 2116 4212 '

389 4293 564 4364 dominum,
588 4293 752 4374 maritum,
786 4294 1005 4374 praepositum
1042 4294 1236 4377 significant,
1261 4301 1298 4358 ut
1320 4303 1479 4379 appareat
1500 4318 1539 4360 aa
1562 4298 1664 4380 primo
1687 4297 1884 4379 significasse
1904 4296 1936 4358 id
1959 4295 2044 4377 quod

391 4395 587 4478 ’potentem'.
635 4393 682 4459 Ea
705 4396 754 4458 nis
777 4394 979 4478 principalis,
1002 4397 1029 4459 si
1054 4417 1129 4460 uere
1152 4397 1372 4460 coniecturam
1397 4397 1490 4470 facio,
1514 4399 1546 4462 in
1570 4399 1712 4464 carmine
1727 4399 1845 4464 Saliari
1858 4403 1976 4468 exstat,
1990 4419 2045 4480 po-

390 4497 561 4560 steriorum
586 4515 646 4560 usu
668 4501 702 4560 et
725 4517 871 4560 sermone
894 4495 1075 4578 paullulum
1101 4503 1228 4562 mutata
1250 4503 1299 4562 est
1322 4497 1355 4562 ει
1378 4501 1470 4581 quasi
1494 4501 1675 4565 imminuta.

479 4595 512 4658 V.
538 4599 566 4659 1.
611 4595 729 4662 Caute
752 4603 855 4662 metro
878 4605 1014 4680 cogente
1037 4600 1176 4677 retinui3
1201 4621 1258 4664 nec
1280 4599 1399 4663 desunt
1422 4599 1570 4682 exempla
1594 4603 1699 4684 prisci.
1713 4601 1869 4667 sermonis
1891 4605 1988 4669 etiam
2012 4604 2045 4668 in

391 4699 556 4764 nasalibus
579 4700 701 4764 litteris
724 4699 798 4764 huic
821 4699 992 4782 asperitati
1016 4699 1226 4781 indulgentis,
1270 4701 1338 4765 laur
1362 4699 1496 4766 Gorssen
1521 4703 1631 4768 docuit
1654 4703 1792 4769 mediam
1816 4706 1959 4770 noralem
1977 4726 2045 4771 esse

390 4825 429 4867 ex
453 4803 503 4866 lris
526 4799 653 4866 elisam:
676 4801 892 4867 *monestrum
918 4809 1098 4868 monstrum
1123 4809 1290 4884 montrum,
1314 4803 1457 4868 fenestra
1479 4805 1602 4870 feustra
1616 4807 2044 4890 fastra,*mauu·eeps*ma-

390 4921 553 5005 uuoipinm
577 4920 805 4986 *manusuetus
818 4919 1074 5000 *manulnuiuuq
1092 4943 1175 5004 quac
1188 4923 1276 4986 fautu
1289 4943 1357 4987 esse
1381 4943 1533 5006 manceps
1545 4931 1603 4988 etc.
1650 4926 1693 4988 nt
1704 4925 1866 4990 *breuima
1879 4894 2045 4992 *beidaima

392 5023 505 5088 bruma
538 5043 577 5088 ex
604 5022 670 5088 alio
693 5044 810 5106 genere
833 5029 896 5106 est3
920 5031 1091 5108 postquam
1114 5027 1198 5089 euim
1224 5024 1455 5106 colliquescens
1478 5027 1682 5092 semiuocalis
1705 5028 1810 5094 uocali
1834 5027 1895 5091 sibi
1918 5027 1970 5092 nel
1994 5049 2044 5092 co·

391 5131 509 5208 gnatae
543 5123 673 5202 insedit,
697 5145 735 5190 ea
769 5123 868 5192 dictio
890 5129 1157 5200 contractionem,
1182 5149 1243 5191 non
1267 5147 1439 5211 syncopam
1464 5150 1560 5212 passa
1583 5135 1642 5194 est.
1693 5127 1915 5195 Corsseniauis
1938 5151 2044 5197 exem-
