4694 6114
1189 559 1228 624 52

381 735 466 817 quod
499 731 610 816 Ianus,
637 734 730 814 quasi
764 733 860 798 initia
892 731 1017 797 dierum
1050 731 1221 812 auspicans
1254 733 1287 792 et
1319 750 1340 794 a
1372 729 1538 795 Martiano
1571 735 1604 794 et
1636 731 1669 796 in
1702 729 1823 816 templo
1845 725 2036 792 Placentino

382 838 507 904 cardini
533 837 777 920 septentrionali
800 838 849 900 ita
871 837 1039 918 appositus
1063 840 1112 898 est
1134 838 1303 898 attamen
1327 838 1411 898 esset
1434 833 1575 914 partium
1599 833 1816 898 orientalium.

392 995 403 1008 ,
466 939 513 1005 Ne
547 939 665 1004 multa:
700 959 784 1004 nuuc
817 937 948 1004 tandem
983 936 1132 1002 uidemus
1166 935 1243 1018 quid
1267 936 1309 1000 sit
1332 940 1365 1000 et
1388 933 1512 1000 bifrons
1534 932 1636 999 Ianus
1659 941 1693 1000 et
1714 933 1939 1012 Quadrilrons.
1982 937 2036 1002 Bi-

383 1043 498 1108 srontis
525 1042 663 1106 alterum
688 1063 723 1106 os
742 1059 929 1106 conuersum
954 1043 1027 1104 erat
1048 1039 1090 1104 ad
1115 1039 1282 1112 orientem,
1306 1037 1443 1102 alterum
1468 1037 1510 1101 ad
1533 1036 1730 1124 occidentem
1755 1036 1864 1103 solem.
1901 1037 2037 1104 Ouidius
2146 1086 2153 1096 .

382 1146 398 1209 Ι
433 1144 557 1210 Fastor.
594 1143 654 1207 139
687 1145 762 1226 ”ego
797 1143 955 1226 perspicio
978 1141 1127 1206 caelestis
1150 1143 1271 1206 ianitor
1293 1141 1387 1206 aulae
1411 1139 1496 1204 ans
1520 1145 1631 1223 partes
1653 1136 1893 1224 Hesperiasque
1916 1140 2035 1205 simul'’.

383 1247 557 1328 Procopius
582 1245 669 1311 Goth
692 1244 709 1307 Ι
732 1247 782 1308 25.
806 1243 922 1307 Ianum
944 1241 1126 1320 Gerninum,
1150 1245 1195 1306 sic
1217 1242 1384 1307 describit:
1408 1238 1446 1302 τὸ
1469 1230 1713 1324 ἄγαλμα-τὰ
1735 1239 1794 1320 μὲν
1816 1234 1901 1305 ἄλλα
1925 1236 2038 1306 πάντα

384 1345 521 1439 ἐμφερὲς
554 1341 732 1430 ἀνθρώπῳ,
765 1341 982 1424 διπρόσωπον
1014 1342 1051 1408 δὲ
1083 1341 1141 1430 τὴν
1172 1343 1316 1428 κεφαλὴν
1349 1336 1422 1422 ἔχον
1443 1341 1498 1408 καὶ
1522 1348 1580 1406 τοῦ
1602 1337 1783 1429 προσώπου
1805 1343 1950 1426 θάτερον
1970 1341 2038 1424 μὲν,

384 1447 468 1534 πρὸς
501 1443 688 1528 ἀνίσχοντα,
714 1447 752 1511 τὸ
790 1445 825 1511 δὲ
848 1441 957 1530 ἕτερον
978 1442 1063 1531 πρὸς
1084 1444 1201 1508 diersa
1225 1442 1319 1532 ἥλιον
1340 1443 1544 1530 τέθραπται.
1567 1441 1668 1529 θύραι
1692 1443 1728 1509 δὲ
1748 1445 1871 1526 golgol
1893 1439 1942 1530 ἐφ’
1966 1441 2038 1510 iaa-
2072 1449 2076 1456 ⁴

383 1551 466 1634 τέρρν
488 1545 655 1634 προςώπῳ
675 1545 770 1613 οἷσίν.
808 1548 1022 1626 Quadrisrons
1044 1551 1151 1612 autem
1177 1547 1348 1628 spectabat
1370 1546 1412 1612 ad
1436 1547 1548 1612 mundi
1571 1553 1681 1630 partes
1703 1554 1870 1631 quattuor.
1915 1547 2040 1616 Gauius

384 1652 502 1716 Bassus
537 1672 588 1734 ap.
624 1649 765 1716 Macrob.
789 1651 806 1714 Ι
830 1652 858 1714 9.
884 1651 924 1713 13
947 1651 1029 1714 dicit
1052 1651 1168 1714 Ianum
1193 1649 1449 1732 ”quadriformem
1474 1653 1566 1731 quasi
1591 1651 1745 1716 uniuersa
1767 1651 1901 1718 climata
1925 1655 2039 1720 maies-

384 1761 453 1820 tate
476 1753 705 1836 complexum”.
751 1753 964 1847 Quamobrem
990 1775 1061 1816 cum
1084 1751 1185 1817 Ianus
1208 1753 1363 1818 Geminus
1386 1757 1550 1818 constaret
1572 1759 1605 1818 et
1627 1774 1666 1816 ex
1690 1755 1781 1837 signo
1804 1754 1929 1836 bicipiti
1952 1761 1985 1821 et
2000 1777 2039 1821 ex

382 1858 520 1942 geminis
553 1859 666 1940 portis,
689 1857 820 1940 capita
843 1857 1126 1939 significarunt
1148 1855 1313 1920 alterum
1337 1855 1527 1920 orientem
1551 1855 1667 1922 solem
1691 1856 1753 1922 uel
1775 1857 1928 1922 initium
1951 1857 2039 1934 diei,

384 1961 549 2025 altarum
569 1959 805 2025 occidentem
821 1959 882 2024 uel
898 1959 1055 2024 initium
1072 1959 1207 2024 noctis.
1233 1957 1278 2022 De
1295 1958 1396 2040 portis
1411 1957 1496 2022 inter
1513 1978 1546 2022 se
1563 1957 1740 2023 cohaerent
1755 1959 1900 2024 rationes
1916 1957 2040 2042 Nigidii

386 2060 492 2144 Figuli
525 2065 558 2126 et
590 2059 687 2125 Gauii
720 2059 810 2125 Bassi
845 2067 878 2125 et
906 2061 1074 2140 Labeonis,
1103 2061 1142 2125 de
1165 2061 1285 2144 quibus
1308 2061 1372 2122 ianr
1396 2058 1519 2123 dictum
1542 2063 1602 2138 est,
1625 2081 1709 2142 qnae
1733 2061 1794 2126 hac
1817 2061 2039 2144 disputatione

385 2169 497 2230 nostra
523 2162 765 2228 confirmantur.
810 2161 1028 2240 Quadrifrons
1050 2164 1127 2246 quie
1150 2163 1231 2228 nibil
1255 2167 1304 2228 est
1327 2160 1418 2226 aliud
1442 2181 1539 2243 quam
1564 2161 1688 2226 bifrons
1711 2162 1886 2246 bipertitus
1907 2163 1959 2229 uel
1982 2187 2040 2248 po·

382 2267 448 2332 tius
470 2267 564 2350 quasi
587 2265 844 2348 conduplicatas,
867 2287 965 2330 unum
990 2271 1089 2349 caput
1111 2263 1276 2349 significat
1298 2265 1397 2329 solem
1421 2264 1617 2329 matutinum
1640 2265 1682 2330 ab
1704 2270 1789 2342 ortu,
1812 2265 1951 2331 alterum
1975 2287 2041 2331 me·

384 2368 533 2434 ridie-lem
567 2389 586 2432 a
609 2368 751 2445 meridie,
775 2369 908 2434 tertium
933 2369 1152 2452 uespertinum
1166 2368 1218 2432 ab
1241 2389 1366 2441 occasu,
1391 2373 1546 2448 quartum
1569 2388 1647 2432 uero
1670 2372 1777 2450 caput·
1792 2368 1891 2435 solem
1915 2367 1954 2434 de
1976 2390 2041 2434 me-

385 2468 441 2533 dia
463 2475 556 2534 nocte
578 2473 658 2533 ante
681 2467 860 2534 diluculum
882 2471 1030 2552 regiones
1053 2471 1134 2536 caeli
1157 2471 1198 2534 ad
1222 2471 1459 2554 septentriones
1481 2475 1721 2554 peragrantem.

469 2571 563 2638 Nunc
590 2572 740 2653 denique,
768 2574 921 2656 quoniam
945 2572 1061 2638 Ianum
1085 2575 1185 2640 solem
1208 2575 1313 2657 primo
1337 2573 1484 2638 habitum
1507 2593 1576 2637 esse
1599 2571 1904 2656 demonstrauimus,
1928 2573 2042 2638 confir-

384 2677 494 2738 matur
527 2674 612 2755 quod
645 2675 739 2740 initio
771 2675 937 2758 posuimus
962 2677 1101 2759 primum
1130 2677 1221 2742 illum
1244 2697 1388 2742 uersumz
1417 2674 1461 2740 ”0
1484 2675 1577 2740 Zaul
1602 2675 1779 2741 adoriese
1802 2675 1947 2741 omnia”
1969 2680 2043 2741 arte

384 2776 557 2842 cohaerere
583 2797 656 2842 cum
678 2777 832 2859 proximo:
857 2777 1001 2843 ”uerom
1026 2779 1072 2844 ad
1095 2778 1205 2864 patla
1227 2780 1366 2843 cnemis
1388 2800 1427 2844 es
1448 2777 1598 2859 laneus,
1621 2776 1762 2842 Ianes”.
1786 2775 1874 2859 Ergo
1889 2777 2043 2862 perspici·

385 2883 440 2944 tur
463 2877 517 2942 Sol
540 2875 637 2942 Saliis
660 2879 745 2946 idem
769 2879 869 2944 fuisse
893 2901 931 2944 ao
953 2879 1064 2945 Ianus.

470 2980 532 3046 Sed
554 2988 663 3046 tamen
688 2982 901 3064 Augustinus,
924 2989 1067 3058 auctore,
1090 2987 1128 3048 ut
1149 2984 1289 3062 ridetur,
1313 2984 1471 3062 Varrone,
1493 2982 1599 3050 Solem
1623 2983 1798 3064 distinguit
1820 3004 1840 3048 a
1862 2982 1953 3048 Iano.
1977 2983 2043 3046 Au·

386 3083 536 3164 gustinus
559 3081 600 3149 de
622 3081 691 3147 Ciu.
715 3083 774 3148 Dei
796 3083 844 3148 IV
868 3085 908 3148 23
931 3106 961 3168 p.
989 3086 1047 3149 173
1070 3085 1184 3151 Domb.
1209 3083 1274 3148 ”Ut
1296 3085 1374 3170 quid
1398 3107 1475 3168 ergo
1498 3087 1669 3151 constituit
1690 3085 1775 3171 (ipse
1791 3085 1967 3170 Romulus)
1983 3085 2045 3150 Ro-

385 3185 491 3250 manis
513 3184 591 3249 deos
613 3183 747 3250 Ianum
770 3183 879 3250 Iouem
906 3185 1043 3251 Martem
1067 3185 1178 3252 Picum
1202 3185 1348 3252 Faunum
1371 3186 1752 3272 Tiberinumssflerculem
1769 3193 1802 3252 et
1818 3187 1927 3269 siquos
1942 3187 2046 3253 alios?

387 3283 432 3348 Ut
466 3284 543 3368 quid
577 3283 670 3350 Titus
703 3285 818 3351 Tatius
852 3287 981 3352 addidit
1015 3287 1192 3354 Saturnum
1226 3289 1325 3372 Opem
1355 3289 1478 3356 Solem
1504 3291 1629 3355 Lunam
1652 3291 1836 3356 Vulcanum
1859 3291 1990 3368 Lucem,
2011 3297 2045 3355 et

387 3405 596 3470 quoscunque
630 3387 711 3452 alios
744 3388 882 3466 addidit,
910 3390 996 3456 iuter
1029 3413 1110 3475 qnos
1143 3393 1241 3459 etiam
1265 3389 1482 3457 Cluacinam''.
1528 3395 1594 3456 Aut
1617 3393 1719 3476 igitur
1742 3393 1805 3457 dno
1828 3391 1961 3458 fuerunt
1983 3391 2045 3458 Ro·

388 3490 492 3554 manis
524 3487 607 3554 Solis
641 3491 783 3572 numina,
817 3498 877 3556 aut
909 3493 993 3559 idem
1017 3493 1071 3560 Sol
1095 3493 1227 3560 Sabinis
1251 3495 1306 3574 qui
1330 3495 1483 3560 Romanis
1505 3497 1617 3574 Ianus3
1640 3499 1677 3560 ut
1700 3495 1755 3577 qui
1779 3495 1933 3560 Romanis
1957 3493 2046 3559 Mars

387 3595 414 3652 is
447 3589 577 3656 Sabinis
610 3592 775 3670 Quirinus,
799 3615 882 3676 quae
905 3581 991 3662 Iuno
1014 3601 1048 3662 et
1071 3595 1178 3662 Diana
1200 3596 1312 3662 eedem
1337 3596 1438 3662 Luna.
1483 3595 1574 3674 Quod
1599 3595 1638 3660 de
1661 3595 1755 3661 Tatio
1779 3596 1798 3661 l.
1823 3617 1854 3678 q.
1878 3596 1909 3660 d.
1933 3596 2045 3679 Augu-

387 3691 501 3770 stinus,
524 3694 607 3758 idem
636 3695 738 3760 Varro
759 3695 794 3759 L.
818 3695 852 3759 L.
877 3697 905 3762 V
928 3701 970 3762 74
992 3699 1104 3780 paullo
1126 3699 1233 3774 aliter,
1257 3700 1314 3766 ubi
1337 3700 1383 3765 sic
1405 3699 1443 3765 F:
1468 3700 1580 3766 uouit
1601 3697 1671 3784 Opi
1692 3699 1866 3766 Floreue.
1882 3700 2047 3766 diciciui

324 3795 328 3804 '
388 3793 631 3878 Saturnoque
654 3795 728 3862 Soli
754 3797 882 3864 Lunae
905 3799 1073 3866 Volcano
1088 3807 1126 3866 et
1140 3800 1347 3878 Summano,
1363 3803 1530 3883 itemque
1545 3801 1749 3866 Larundae
1764 3801 1942 3867 Termino
1957 3801 2046 3879 Qui-

387 3897 472 3960 rino
513 3896 720 3965 Vortumno
759 3900 922 3968 Laribus
958 3903 1103 3969 Dianae
1136 3903 1388 3987 Lucinaeque.
1443 3904 1486 3970 Hi
1520 3924 1633 3970 uersus
1666 3903 1807 3970 Enniani
1840 3905 1885 3969 sic
1914 3911 2048 3988 possunt

389 3997 535 4063 restitui:

788 4148 890 4214 Vouit
911 4149 972 4232 Opi
994 4150 1106 4226 Florai
1131 4126 1267 4222 Ved'idui
1290 4152 1495 4238 Saturnoque

792 4248 933 4315 Volcano
956 4245 1216 4338 Soli'Lunaeque
1241 4255 1470 4338 Glauciaaeqac

790 4351 964 4419 Summano
988 4355 1163 4425 Larundae
1184 4360 1334 4426 Termino
1356 4361 1499 4442 itemque
1521 4359 1657 4436 Quirino

792 4453 972 4522 Vortnmuo
996 4457 1133 4525 Laribus
1155 4459 1280 4527 Dianae
1303 4461 1521 4544 Lucinaeque.

477 4677 583 4754 Haupt
607 4678 706 4739 Herm.
729 4677 753 4738 1.
776 4675 835 4740 401
860 4707 892 4726 -
914 4677 1023 4757 Opusc.
1046 4681 1090 4740 ΙΙΙ
1113 4679 1173 4742 356
1197 4705 1255 4744 non
1278 4683 1351 4744 satis
1373 4682 1573 4761 probabiliter
1596 4683 1725 4762 primum
1747 4705 1868 4745 uersum
1891 4688 1933 4747 sio
1956 4689 2046 4764 legit:

393 4803 503 4864 ”Venit
530 4805 586 4884 Opi
609 4808 716 4866 Florae
740 4807 834 4868 Vedio
857 4811 921 4868 Ioui
945 4811 1163 4890 Saturnoque''.
1209 4813 1266 4872 Per
1288 4813 1439 4888 syniassin
1462 4785 1617 4894 ’recidua
1641 4835 1658 4873 a
1679 4815 1733 4874 tali
1757 4815 1835 4874 enim
1858 4837 1930 4874 uoce
1953 4822 1983 4874 et
2005 4816 2048 4874 ita

393 4913 548 4967 contracta
570 4909 769 4985 posteriorum
794 4917 883 4969 natus
907 4917 950 4970 est
974 4912 1123 4973 'Veicuis'.
1149 4909 1313 4974 'Larunda’
1335 4919 1370 4973 ut
1391 4917 1503 4975 Auson.
1528 4915 1629 4993 Edyll.
1657 4913 1693 4978 12
1717 4916 1753 4974 de
1776 4917 1821 4976 dis
1845 4916 1864 4978 9
1891 4917 1967 4976 ”Neo
1993 4919 2048 4978 Ge-

393 5011 460 5070 nius
482 5011 622 5070 domunm
647 5009 791 5071 Larunda
813 5017 990 5092 progenitus
1013 5015 1097 5076 Lar”.
1122 5017 1235 5076 Addita
1253 5015 1491 5096 'Cluacinaeque’
1507 5017 1636 5078 lacerum
1652 5038 1772 5078 uersum
1788 5018 1941 5090 resarciui,
1957 5039 2048 5098 prop-

393 5118 476 5173 terea
509 5113 590 5190 quod
625 5113 719 5172 Varro
752 5115 826 5197 ipse,
850 5121 884 5174 ut
907 5117 978 5188 uid,
1000 5138 1049 5196 ap.
1072 5119 1276 5196 augustinum
1300 5119 1318 5180 l.
1342 5140 1372 5196 qr
1395 5119 1423 5178 d.
1447 5125 1554 5181 auctor
1576 5126 1622 5179 est
1644 5121 1725 5180 illam
1748 5123 1833 5181 deam
1855 5121 1948 5179 fuisse
1970 5121 2050 5181 iuter
