4694 6114
1124 580 1163 643 47

316 746 366 811 dit
389 747 495 812 Varro
517 747 552 812 L.
577 747 612 812 L.
636 748 691 813 Vl.
715 751 765 812 13.
789 747 845 826 3⁴3
879 747 967 816 16166
995 747 1131 814 Ouidius
1155 748 1344 814 Ianuarium
1369 755 1403 815 et
1425 749 1640 828 Februarium
1663 749 1768 832 primo
1790 772 1859 817 esse
1882 773 1974 834 sepa-

317 856 416 924 ratos,
440 871 517 917 uere
541 849 685 915 Licinius
709 850 819 916 Macer
842 851 996 916 Romanis
1018 851 1093 915 inde
1116 851 1157 914 ab
1181 851 1327 928 Romulo,
1362 853 1395 914 id
1422 857 1473 917 est
1499 852 1540 916 ab
1563 851 1799 935 antiquissimis
1821 855 1975 936 tempori-

318 951 387 1031 bus,
411 972 535 1017 menses
569 952 668 1017 fuisse
702 953 880 1017 duodecim.
925 951 1015 1017 Haeo
1039 953 1150 1035 Unger
1172 954 1227 1017 16.
1252 954 1405 1020 Muelleri
1429 957 1561 1038 Antiqu.
1587 954 1612 1018 l.
1636 957 1654 1017 2
1678 955 1741 1018 614
1763 977 1833 1039 sqq.
1856 962 1889 1020 61
1912 957 1973 1018 616

317 1053 474 1136 exposuit.
513 1053 558 1118 Ut
579 1052 685 1118 Slavis
707 1055 755 1117 116
777 1053 931 1118 Romanis
952 1057 1029 1121 anni
1052 1057 1247 1140 principium
1272 1059 1454 1140 antiquitus
1477 1065 1549 1124 erat
1572 1079 1639 1123 uer.
1678 1057 1758 1123 Vere
1780 1059 1812 1123 in
1836 1059 1901 1124 illis
1923 1079 1974 1124 re·
2003 1071 2008 1076 '

317 1155 468 1238 gionibue
491 1155 707 1240 pulcherrimo
732 1157 881 1222 ueniente
903 1195 956 1236 -,
979 1180 1051 1222 cum
1080 1165 1233 1225 cateruae
1260 1161 1413 1224 iuuenum
1442 1159 1559 1224 adres
1583 1159 1741 1242 gerendas
1764 1160 1974 1243 egredieban-

319 1266 384 1330 tur,
407 1259 536 1323 initium
570 1259 635 1323 fuit
667 1260 744 1324 anni
779 1261 906 1326 romani
942 1261 1154 1343 1611166666.
1181 1262 1281 1326 uerba
1305 1261 1339 1325 L.
1363 1261 1398 1324 L.
1424 1261 1477 1324 VI.
1502 1263 1565 1342 64).
1610 1260 1649 1324 Ei
1673 1265 1781 1326 autem
1805 1283 1889 1328 anuo
1914 1284 1974 1326 non

317 1361 426 1434 16666,
451 1361 505 1426 sed
530 1359 628 1440 Mars,
652 1362 737 1426 ueris
760 1361 839 1426 deus
862 1369 1024 1446 praeerat.
1069 1361 1159 1440 Quae
1183 1362 1303 1428 fabulae
1326 1363 1366 1429 ad
1392 1363 1450 1429 hoe
1479 1369 1639 1446 spectant,
1662 1385 1717 1428 eas
1740 1364 1918 1448 explicauit
1941 1372 1975 1428 et

317 1464 468 1547 exposuit
491 1462 616 1529 Usener
639 1462 680 1527 M.
705 1463 764 1528 Rh.
788 1463 880 1527 XXX
906 1467 968 1528 194
990 1487 1058 1549 sqq.
1083 1465 1183 1535 Primi
1208 1466 1356 1531 consules
1380 1465 1596 1530 Romanorum
1621 1487 1678 1530 cur
1701 1465 1855 1530 Ianuario
1868 1487 1974 1532 mense

317 1571 518 1638 crearentur,
553 1587 669 1630 causae
692 1565 826 1631 fuerunt
848 1555 1038 1649 peculiares.
1084 1568 1257 1632 Ianuarius
1291 1573 1401 1632 autem
1436 1567 1512 1632 anni
1546 1567 1675 1632 initium
1698 1589 1811 1632 uerum
1836 1568 1974 1654 denique

317 1668 393 1732 iude
416 1668 458 1731 ab
481 1667 610 1733 saeculo
635 1665 706 1732 VII.
729 1669 852 1733 factum
881 1677 939 1740 est,
962 1677 1134 1754 postquam
1169 1671 1310 1736 solennis
1344 1677 1416 1735 erat
1451 1691 1519 1734 mos
1542 1677 1579 1734 ut
1601 1670 1789 1734 consulatus
1812 1672 1975 1736 inirentur

316 1769 473 1836 Kalendis
495 1769 659 1836 Ianuariis
682 1773 728 1854 (u.
753 1771 865 1852 Unger
887 1772 906 1836 1.
933 1795 957 1836 c.
984 1796 1013 1856 p.
1036 1774 1123 1856 644).
1171 1773 1362 1840 Posteriuris
1385 1772 1489 1854 igitur
1512 1771 1631 1836 aetatis
1655 1791 1722 1836 mos
1744 1775 1844 1854 atque
1866 1773 1974 1854 opinio

316 1873 421 1938 elucet
444 1895 484 1938 ex
507 1895 544 1938 eo
567 1873 654 1954 quod
677 1874 792 1942 scribit
814 1873 951 1939 Ouidius
974 1875 990 1938 Ι
1015 1873 1102 1940 Post.
1127 1877 1166 1939 63
1190 1876 1231 1939 ad
1257 1873 1329 1939 Kal.
1353 1873 1435 1938 Ian:
1465 1871 1565 1936 ”Ecce
1588 1871 1648 1936 tibi
1671 1870 1973 1950 iaustum,Germa-

317 1975 397 2057 uice,
426 1976 558 2040 nuntiat
586 1975 833 2058 annumginque
854 1997 925 2041 meo
947 1977 1072 2060 primus
1095 1979 1238 2043 carmine
1263 1977 1363 2042 Ianus
1386 1975 1488 2040 adest.
1521 1973 1613 2038 Iane
1638 1973 1781 2056 biceps,
1805 1976 1896 2038 anni
1919 1982 1973 2040 ta·
2050 2013 2052 2020 ·

318 2078 397 2141 cite
421 2076 590 2142 labentis
613 2077 747 2158 origo”.
792 2076 836 2142 Et
870 2076 994 2144 Statius
1017 2079 1058 2144 ad
1083 2079 1302 2144 Domitianum
1329 2077 1360 2142 S.
1384 2077 1440 2140 IV.
1465 2079 1495 2139 2.
1519 2077 1554 2138 61
1582 2076 1694 2158 ”saepe
1718 2097 1825 2140 annua
1849 2076 1974 2158 pandas

272 2205 275 2208 ·
315 2179 437 2256 limina,
461 2200 556 2261 saepe
580 2199 662 2244 6666
686 2177 803 2243 16666
827 2180 941 2246 1161666
964 2182 1113 2260 66161666
1137 2182 1176 2245 61.
1202 2181 1232 2246 S.
1256 2181 1313 2245 IV.
1340 2181 1365 2241 1.
1392 2182 1405 2240 1
1432 2198 1502 2260 sqq.
1540 2177 1583 2241 Et
1607 2177 1864 2242 1666666352.
1894 2183 1903 2241 1
1932 2179 1969 2242 R.

318 2281 464 2348 ”Lucifer
488 2303 644 2346 annorum
670 2319 700 2327 -
725 2280 789 2354 Sol,
813 2281 891 2347 Iane
917 2321 954 2330 --
978 2283 1047 2358 —,'’.

401 2384 501 2448 Porro
535 2405 678 2448 annuum
714 2383 790 2447 solis
824 2385 1033 2463 curriculum,
1071 2385 1156 2467 quod
1190 2385 1366 2466 circumagi
1395 2383 1536 2464 uidetur,
1574 2381 1742 2463 flexusque
1779 2383 1832 2448 661
1868 2397 1972 2450 166166

319 2489 387 2553 6166
411 2491 430 2550 1.
454 2507 479 2551 6.
505 2486 655 2560 661611116,
679 2491 716 2549 61
739 2485 797 2550 6111
820 2487 941 2570 populi,
974 2489 1051 2552 item
1080 2487 1216 2551 Romani
1240 2487 1424 2567 antiquitus
1446 2485 1675 2550 obseruaruut.
1719 2485 1811 2562 Quod
1834 2495 1973 2570 apparet

318 2597 413 2669 etex
436 2589 510 2654 aliis
532 2589 631 2652 rebus
654 2595 687 2653 et
711 2610 749 2652 ex
773 2609 809 2654 eo
832 2590 917 2670 quod
951 2589 1050 2655 aliter
1084 2611 1209 2654 menses
1242 2587 1416 2654 crescentis
1450 2585 1530 2650 lucis
1557 2608 1577 2650 6
1600 2585 1754 2651 16666616
1778 2587 1818 2652 ad
1843 2589 1973 2656 Iunium

318 2691 475 2756 nominati
499 2694 585 2766 sunt,
608 2690 705 2755 aliter
732 2691 833 2756 ceteri
861 2713 881 2756 6
909 2691 1064 2769 Quinctili
1088 2689 1313 2754 decrescentis.
1361 2687 1456 2751 Mitto
1491 2687 1577 2766 quod
1612 2688 1645 2750 in
1680 2687 1781 2752 Italia
1804 2689 1972 2756 inuentum

318 2799 367 2856 661
391 2829 427 2838 -
452 2813 538 2856 nunc
560 2797 610 2853 est
633 2792 665 2854 16
692 2791 849 2857 Vaticano
874 2829 908 2838 -
934 2794 1062 2873 signum
1078 2792 1154 2856 solis
1170 2813 1242 2857 cum
1259 2791 1368 2856 balteo
1383 2790 1484 2872 signis
1501 2789 1630 2854 Zodiaci
1649 2790 1801 2855 distincto
1818 2794 1862 2871 (u.
1880 2793 1974 2878 Rapp

318 2894 473 2957 Rosa-heri
498 2893 574 2958 Lex.
599 2892 702 2976 Myth.
727 2915 756 2975 p.
780 2895 885 2975 2009).
932 2881 999 2959 Hoc
1022 2895 1105 2958 enim
1135 2899 1200 2958 tam
1235 2899 1285 2958 est
1318 2893 1533 2976 posteriorum
1567 2895 1746 2974 temporum
1771 2914 1867 2974 quam
1892 2893 1972 2958 illud

319 2996 444 3059 Valerii
467 2995 575 3059 Flacci
611 2995 666 3060 IV.
703 2996 742 3058 92
777 2994 848 3059 ”Sol
872 2995 1045 3060 auricomis
1078 2995 1293 3080 urguentibus
1326 2995 1422 3059 Horis
1455 2992 1650 3058 multifidum
1677 2993 1772 3058 iubar
1798 2999 1832 3059 et
1849 2995 1973 3062 bisseno

318 3099 423 3164 sidere
447 3103 573 3161 textam
598 3099 732 3163 loricam
756 3097 930 3162 induitur”.
975 3098 1041 3163 Cur
1065 3099 1160 3163 huius
1183 3099 1314 3163 maioris
1342 3097 1485 3162 ambitus
1512 3095 1636 3174 sideris,
1660 3097 1715 3178 qui
1738 3118 1853 3180 graece
1877 3094 1972 3161 16κοὶ-

317 3202 379 3277 6ας
401 3205 452 3264 661
474 3199 580 3264 dictus
601 3198 778 3284 (Welcker
799 3198 854 3263 Gr.
879 3199 1018 3264 Gdtterl.
1042 3199 1069 3263 Ι.
1093 3201 1154 3263 416
1176 3221 1247 3282 sqq.
1272 3199 1348 3264 Lob.
1373 3197 1490 3281 Phryn.
1514 3197 1589 3273 610)
1612 3197 1741 3262 initium
1765 3219 1785 3262 a
1807 3197 1890 3264 1666
1905 3199 1973 3264 dic-

318 3307 386 3364 tum
411 3303 454 3366 sit
476 3300 661 3382 Ianuarius,
695 3322 793 3365 causa
816 3303 884 3366 sine
908 3303 1007 3367 dubio
1031 3309 1141 3368 66166
1164 3323 1261 3384 quam
1284 3299 1388 3366 edidit
1409 3299 1607 3362 Plutarchus
1630 3321 1702 3382 καγ.
1726 3319 1859 3383 καταγρ.
1881 3297 1971 3382 Ῥωμ.

318 3424 343 3466 6.
370 3405 417 3468 19.
442 3401 529 3465 ”Aut
552 3399 587 3466 τί
608 3400 665 3464 τι1ν
685 3396 878 3484 Ἰανουάριον
899 3411 984 3488 μῆνα
1007 3404 1078 3466 νέου
1111 3395 1203 3477 ἔτους
1236 3397 1333 3486 ἀρχὴν
1365 3399 1594 3480 λαμβάνουσι;”
1618 3437 1657 3448 —-
1682 3437 1720 3448 -
1744 3397 1762 3463 d
1785 3407 1918 3481 Νουμᾶς
1930 3407 1974 3491 (P)

317 3512 357 3593 τῇ
379 3503 481 3587 φύσει
505 3503 732 3589 προσήκουσαν
760 3498 857 3589 ἀρχὴν
875 3496 979 3582 ’ἔλαβε
1001 3514 1059 3568 τοῦ
1081 3497 1173 3583 ἔτους
1195 3502 1239 3580 aig
1261 3501 1344 3588 πρὸς
1366 3497 1460 3585 ἡμᾶς,
1485 3537 1522 3547 -
1546 3539 1587 3549 —-
1608 3498 1693 3580 μετὰ
1715 3500 1843 3586 τροπὰς
1865 3528 1972 3584 χειμε-

317 3605 409 3688 ρινὰς
433 3646 471 3656 -
493 3641 536 3655 ·-
557 3645 607 3672 —.
621 3601 765 3692 ὁπηνίκα
788 3612 848 3672 τοῦ
883 3607 995 3690 πρόσω
1017 3604 1164 3690 βαδίζειν
1198 3606 1409 3686 πεπαυμένος
1431 3599 1448 3666 ὁ
1470 3599 1564 3687 ἥλιος
1596 3601 1791 3688 ἐπιστρέφει
1816 3605 1875 3690 καὶ
1895 3603 1972 3671 dva-

316 3702 461 3788 κάμπτει
487 3707 591 3770 πάλιν
614 3703 698 3790 πρὸς
721 3701 813 3791 ἡμᾶς·
837 3705 960 3790 γίνεται
985 3701 1157 3792 γ116(11ρχη’
1180 3709 1248 3793 τις)
1270 3700 1383 3782 αὐτοῖς
1406 3699 1530 3789 τρόπον
1545 3702 1618 3770 card
1635 3705 1691 3770 καὶ
1715 3705 1812 3792 φύσει
1836 3705 1892 3772 τὸν
1913 3709 1973 3792 μὲν

317 3816 375 3872 τοῦ
397 3805 508 3894 ιγωτὸς
531 3800 669 3888 αῧξσυσά
692 3809 805 3890 χρόνον
837 3807 922 3895 ἡμῖν,
954 3815 1097 3890 μειοῦσα
1129 3808 1165 3874 δὲ
1198 3805 1254 3872 τὸν
1286 3815 1343 3870 τοῦ
1366 3805 1490 3890 σκότου,
1525 3801 1681 3889 ἐγγυτέρω
1705 3803 1741 3870 δὲ
1763 3815 1892 3873 ποιῦσα
1916 3809 1974 3874 adv

317 3907 426 3994 κύριον
447 3909 504 3974 καὶ
530 3905 669 3996 ἡγεμόνα
696 3918 754 3996 τῆς
780 3914 913 3996 ῥευστῆς
938 3905 1058 3988 οὐσίας
1091 3908 1233 3996 ἁπάσης.
1278 3911 1361 3974 Item
1385 3930 1436 3992 ap.
1461 3908 1601 3973 Statium
1625 3910 1655 3974 S.
1681 3907 1735 3975 lV.
1762 3915 1789 3974 l.
1813 3911 1831 3974 3
1855 3911 1973 3978 Ianua·

318 4013 387 4076 rius
410 4021 458 4076 est
481 4013 526 4076 sol
550 4034 663 4077 nouus.
691 4013 804 4094 *Apud
826 4015 1003 4078 Ausonium
1027 4013 1086 4078 Ed.
1112 4013 1196 4076 VIII
1220 4035 1250 4096 p.
1273 4015 1314 4076 ‘24
1337 4011 1455 4097 Peiper
1478 4011 1558 4076 haec
1581 4013 1723 4076 recurrit
1738 4015 1884 4096 precatio
1900 4037 1973 4081 cou-

318 4115 398 4180 sulis
424 4115 586 4197 designati
613 4115 718 4197 pridie
752 4113 917 4180 Kalendas
948 4115 1119 4180 Ianuarias
1155 4116 1296 4180 fascibus
1327 4114 1479 4196 sumptis:
1515 4112 1610 4177 ”Iane
1635 4115 1721 4179 ueni:
1751 4137 1855 4182 nouus
1878 4137 1971 4192 6666,

320 4217 407 4280 ueni:
435 4223 604 4294 renouata,
629 4216 713 4294 ueni,
737 4215 815 4280 Soll.
839 4214 937 4280 Ianos
959 4238 1060 4282 66666
1085 4219 1246 4282 Ausonius
1269 4216 1355 4280 dixit
1376 4237 1406 4297 p.
1434 4218 1501 4298 195,
1525 4217 1544 4278 6
1567 4214 1601 4278 P.
1642 4215 1727 4300 llrgo
1750 4240 1812 4282 666
1835 4241 1874 4284 ex
1900 4241 1970 4283 uer·

319 4318 368 4384 bis
403 4320 535 4384 Ausonii
568 4320 725 4404 postremi
748 4319 821 4384 aeui
844 4323 958 4402 poetae
980 4319 1099 4396 uerbis,
1129 4319 1182 4383 sed
1207 4341 1245 4384 ex
1269 4325 1340 4382 tota
1363 4317 1423 4382 hou
1446 4317 1667 4400 disputatione
1690 4319 1895 4403 intellegitur
1917 4321 1972 4386 la-

320 4420 469 4483 nuarium
494 4441 513 4482 a
538 4419 631 4496 lanu,
656 4429 695 4482 61
720 4419 815 4484 66116
838 4420 906 4484 deo
929 4421 1062 4486 dictum.

404 4522 489 4586 Item
513 4543 623 4598 anno,
645 4528 686 4584 ut
708 4529 812 4587 certo
835 4544 987 4588 numero
1010 4526 1220 4606 spatiorum
1244 4521 1467 4588 diurnorum
1487 4523 1582 4588 solis
1603 4523 1624 4586 i.
1647 4545 1676 4586 e.
1693 4523 1819 4590 dierum
1836 4547 1971 4609 praepo·

269 4693 273 4696 ,
319 4625 402 4688 61166
424 4631 496 4688 6661
522 4623 632 4688 16666.
678 4623 756 4688 Eius
778 4626 862 4689 enim
886 4626 933 4689 rei
957 4631 1034 4690 nota
1056 4625 1119 4690 fuit
1142 4624 1243 4688 Ianus
1265 4623 1430 4701 Geminus,
1453 4626 1508 4706 qui
1533 4624 1718 4690 traditura
1741 4625 1846 4691 Plinio
1868 4627 1908 4690 H.
1933 4627 1971 4692 N.

320 4725 533 4808 1111111136,
569 4726 605 4789 ”a
630 4725 735 4790 Numa
768 4747 844 4807 rege
879 4727 1007 4792 dicatus
1034 4726 1148 4808 digitis
1172 4729 1219 4791 ita
1243 4728 1393 4810 figuratis
1416 4733 1453 4790 61
1475 4723 1638 4790 CCCLXV
1663 4726 1790 4792 dierum
1815 4735 1892 4793 nota
1914 4750 1971 4812 per

319 4829 585 4910 significationem
610 4831 684 4893 anni
709 4829 864 4912 temporis
887 4836 921 4894 et
948 4831 1021 4894 aeui
1055 4851 1123 4895 esse
1156 4829 1252 4894 deum
1287 4829 1496 4894 indicarent'’.
1541 4827 1630 4892 Idem
1666 4829 1824 4894 traditum
1848 4836 1896 4894 est
1918 4851 1970 4913 ap.

320 4930 462 4996 Macrob.
487 4929 516 4994 S.
540 4929 610 4996 19.
634 4933 684 4995 10.

404 5032 682 5109 Quemadmodum
717 5031 833 5096 Graeci
863 5032 1003 5116 Apollini
1029 5029 1200 5117 Νεομηνίῳ
1222 5055 1307 5098 6666
1330 5033 1407 5100 1666
1430 5056 1556 5099 sacrum
1581 5034 1746 5100 faciebant
1767 5035 1823 5120 (de
1846 5057 1912 5116 qua
1934 5057 1971 5099 re

321 5157 350 5200 6.
376 5135 601 5219 Furtw'cingler
624 5135 779 5200 Roscheri
808 5135 885 5199 Lex.
921 5135 1022 5220 Myth.
1056 5135 1135 5220 414)
1168 5136 1216 5200 116
1249 5135 1385 5201 Romani
1419 5135 1567 5202 colebant
1600 5137 1736 5202 Ianum
1761 5137 1971 5203 Iunonium.
