4694 6114
1169 553 1209 618 58

357 747 493 810 pronam
526 727 559 792 in
593 726 790 810 profundum
824 725 1033 800 dilabentem,
1068 729 1153 811 ignis
1186 733 1287 811 atque
1320 729 1448 796 animae
1481 729 1585 796 leuem
1607 730 1641 794 in
1663 729 1857 794 immensum
1879 727 2017 793 sublime

356 829 534 911 fugientem
568 828 735 911 copulauit
769 829 970 894 circumdato
1004 828 1106 893 caelo:
1142 849 1226 912 quae
1259 833 1310 895 uis
1344 830 1426 896 caeli
1458 832 1602 896 maxima
1635 830 1717 896 duas
1750 832 1838 896 uires
1871 830 2018 915 dispares

356 929 552 1012 colligauit”.
597 929 635 994 In
669 931 719 994 his
753 951 824 996 cum
854 931 920 994 alia
953 929 1217 1014 philosophorum
1244 932 1381 998 inuenta
1403 939 1473 997 tum
1497 934 1597 999 stoica
1620 931 1781 1016 quaedam
1804 939 1933 998 secutus
1956 939 2016 996 est.

358 1033 501 1099 Stoicum
525 1035 612 1115 quod
635 1033 715 1098 dicit
737 1034 777 1099 de
800 1035 1033 1100 elementorum
1056 1033 1207 1114 discidio;
1230 1035 1270 1102 de
1293 1035 1466 1120 qnoZeno
1488 1033 1586 1100 schol.
1611 1035 1685 1100 Hes.
1709 1033 1829 1117 Theog.
1853 1035 1914 1098 115
1930 1035 2016 1116 (415)

356 1139 396 1220 χῆ
428 1133 512 1196 κατὰ
546 1132 721 1219 συνίζησιν,
755 1129 815 1219 ἀὴρ
838 1134 922 1200 κατὰ
945 1130 1113 1216 ἀνάδοσιν,
1135 1135 1173 1200 τὸ
1200 1136 1236 1201 δὲ
1257 1135 1460 1220 λεπτομερὲς
1481 1142 1539 1200 τοῦ
1563 1133 1659 1220 α’ἑρος
1680 1136 1790 1218 γέγονε
1812 1142 1892 1222 πῦρ.
1936 1134 2017 1202 Cum

356 1245 465 1304 autem
499 1236 616 1302 Ianum
650 1259 734 1304 noua
767 1241 894 1304 ratione
930 1239 1053 1306 faceret
1076 1241 1156 1306 haec
1178 1239 1321 1306 discreta
1343 1239 1559 1322 ordinataque
1582 1239 1664 1306 caeli
1686 1238 1765 1304 orbe
1787 1240 2015 1318 continentem,

356 1341 398 1406 ad
432 1339 547 1405 Ianum
581 1341 751 1406 transtulit
785 1341 819 1406 id
852 1341 939 1424 qnod
963 1342 1002 1406 de
1025 1341 1112 1406 Sole
1135 1341 1261 1408 caelum
1283 1341 1564 1408 circumfundente
1586 1341 1684 1408 terris
1707 1339 1893 1406 tradiderat
1914 1339 2016 1426 Chry-

356 1436 467 1526 sippus
499 1444 533 1508 in
556 1443 696 1530 physicis
723 1465 774 1527 ap.
804 1443 897 1526 Diog.
920 1443 1029 1509 Laert.
1055 1443 1116 1508 VII
1139 1447 1188 1510 81.
1214 1441 1412 1530 1521ῆςδὲ
1437 1440 1592 1526 γενέσεως
1614 1434 1721 1505 αἰτῶν
1743 1441 1791 1522 (id
1813 1450 1872 1526 est,
1896 1449 1962 1505 τῶν
1983 1439 2017 1506 ἕν

356 1537 429 1626 ἀέρι
452 1541 637 1627 γινομένων)
661 1537 771 1606 αἴτιον
792 1539 950 1625 γίνεσθαι
973 1543 1031 1608 τόν
1052 1545 1146 1630 ἥλιον
1167 1541 1382 1628 ἐξατμίζοντα
1405 1543 1446 1609 τὰ
1470 1545 1560 1634 νέφη.
1595 1545 1687 1624 Quod
1709 1547 1870 1628 quomodo
1893 1548 2015 1612 factum

356 1647 399 1712 sit
421 1647 595 1729 exponitur
616 1645 737 1711 scholio
759 1645 802 1710 ad
825 1645 898 1710 Hes.
923 1645 1041 1732 Theog.
1067 1649 1123 1714 1Ι9
1146 1648 1233 1731 λέγει
1257 1647 1430 1729 (Hesiodus
1451 1647 1606 1727 Tartara)
1629 1645 1685 1712 τόν
1707 1643 1787 1732 ἅὲρα
1809 1649 1865 1712 τόν
1885 1647 1944 1734 τὴν
1959 1647 2016 1733 γὴν

356 1744 551 1830 περιέχοντα
585 1744 638 1810 καί
672 1749 711 1810 τό
744 1745 820 1832 περὶ
855 1738 962 1832 αὐτόν,
996 1739 1080 1812 εἶναι
1116 1747 1153 1813 δὲ
1179 1740 1268 1824 εἰκός
1290 1755 1406 1812 τοῦτον
1432 1741 1468 1826 ἐξ
1487 1745 1664 1825 ἐλάσσονος
1685 1745 1781 1834 όγροῦ
1802 1745 1852 1826 εἷς
1873 1747 2015 1814 πλείονα

356 1837 450 1930 ὄγκον
481 1845 690 1928 διαχεόμενον
723 1847 779 1912 καὶ
813 1843 1029 1932 ἀτμιζόμενον
1062 1848 1279 1934 τεταράχθαι,
1312 1852 1407 1934 μέχρι
1441 1845 1482 1912 ὃν
1513 1849 1599 1938 λάβῃ
1626 1846 1683 1912 τόν
1704 1847 1808 1936 ἥλιον.
1831 1851 1920 1914 τότε
1945 1848 2015 1935 γὰρ

354 1955 406 2032 τῷ
427 1943 523 2032 ἡλίῳ
546 1943 936 2034 συμπαρεκτείνεται,
960 1949 1070 2033 ὥσπερ
1092 1955 1139 2034 τῷ
1160 1947 1414 2034 πινρακτωθέντι
1438 1950 1561 2037 σιδήρῳ
1583 1948 1622 2014 τό
1643 1957 1720 2036 πῦρ.
1753 1951 1797 2016 Et
1812 1952 1899 2035 quod
1914 1951 2014 2017 Ianus

355 2073 376 2116 a
408 2051 571 2131 Messalla,
605 2054 698 2135 quasi
732 2058 807 2127 νοῦς
840 2051 1043 2140 δημιουργός,
1077 2054 1185 2118 omnia
1207 2052 1329 2136 fingere
1352 2057 1385 2117 et
1408 2074 1520 2136 regere
1543 2053 1674 2128 dicitur,
1698 2052 1759 2118 hoc
1780 2055 1884 2136 ipsum
1909 2055 2014 2119 nescio

356 2175 397 2218 an
431 2153 470 2218 de
504 2153 595 2232 Iano,
618 2160 656 2218 ot
678 2153 756 2218 solis
779 2153 851 2232 deo,
873 2153 1005 2220 dixerit.
1051 2154 1157 2222 Solem
1180 2177 1200 2221 a
1222 2155 1379 2222 Cleanthe
1402 2157 1551 2222 habitum
1574 2177 1642 2222 esse
1665 2157 1777 2222 mundi
1800 2157 2013 2240 principalem

355 2263 504 2322 auctores
528 2262 604 2322 sunt
626 2255 727 2322 huon.
751 2256 1014 2342 Ps.·Censorinns
1036 2281 1068 2344 p.
1092 2261 1142 2323 16.
1168 2263 1182 2322 1
1207 2259 1293 2325 Jahn
1316 2264 1350 2324 et
1371 2257 1465 2338 Diog.
1487 2257 1641 2323 Laertius
1666 2257 1730 2321 VH
1746 2257 1818 2323 139.
1855 2257 2014 2324 Similiter

354 2357 466 2424 (licere
488 2357 528 2422 de
551 2359 588 2422 R.
613 2357 647 2422 P.
672 2357 716 2422 Vl
744 2359 762 2442 ξ
788 2360 824 2422 11
860 2357 941 2432 '‘Sol,
974 2361 1041 2426 dux
1075 2369 1108 2426 et
1141 2363 1291 2446 princeps
1324 2371 1357 2426 et
1390 2359 1577 2426 moderator
1611 2361 1768 2426 luminum
1799 2361 2013 2444 reliquorum,

354 2481 445 2525 mens
466 2459 579 2524 mundi
601 2464 634 2524 et
657 2461 877 2544 temperatio”.
922 2461 966 2526 Et
987 2463 1115 2529 Plinius
1137 2463 1176 2528 N.
1200 2463 1240 2528 H.
1263 2463 1297 2527 ΙΙ
1320 2463 1414 2528 6.13
1441 2462 1568 2528 ”eorum
1592 2464 1628 2546 (i.
1657 2485 1684 2528 e.
1707 2463 1866 2542 siderum)
1889 2463 2014 2527 medius

355 2561 402 2626 sol
425 2561 531 2626 fertur
553 2562 752 2644 amplissima
776 2563 1001 2646 magnitudine
1024 2587 1063 2631 ao
1084 2571 1259 2650 potestate,
1283 2588 1341 2632 neo
1367 2571 1550 2648 temporum
1578 2565 1681 2630 modo·
1695 2571 1933 2648 terrarumque,
1956 2565 2013 2631 sed

354 2663 496 2728 siderum
529 2664 628 2730 etiam
663 2665 806 2746 ipsorum
840 2665 986 2748 caelique
1019 2675 1135 2734 rector.
1180 2667 1278 2734 Hunc
1304 2668 1507 2735 ausemundi
1531 2668 2012 2751 totiusanimnmacplauius

353 2771 503 2842 mentem,
526 2765 610 2830 hunc
633 2767 813 2849 principale
836 2773 974 2832 naturae
996 2771 1141 2854 regimen
1165 2792 1204 2836 ac
1227 2793 1343 2837 numen
1367 2771 1498 2836 credere
1521 2769 1615 2836 decet
1636 2791 1736 2854 opera
1755 2771 1824 2836 eius
1839 2771 2011 2836 aestiman-

352 2867 445 2932 tem”.
470 2867 575 2944 Quid?
597 2867 739 2933 artifices
761 2874 794 2931 et
815 2875 930 2950 poetae
953 2892 1056 2937 nonne
1080 2872 1146 2939 8011
1168 2873 1392 2958 gubernacula
1413 2873 1526 2938 muudi
1548 2872 1759 2938 detulerunt?
1781 2872 1841 2938 Est
1853 2873 1886 2936 in
1902 2893 2012 2938 museo

352 2967 453 3053 Neap.
487 2972 595 3052 imago
629 2966 712 3034 Solis
744 2969 854 3035 orbem
888 2971 969 3037 caeli
1002 2977 1153 3049 tenentis,
1186 2975 1280 3060 Rapp
1314 2975 1449 3059 Mythol.
1485 2975 1638 3041 Roscheri
1672 2997 1703 3058 p.
1738 2975 1830 3038 2024.
1875 2973 2012 3039 Ouidius

352 3070 526 3136 MetamI
551 3069 1251 3157 169’1101(111111111110111111,8011”.
1296 3077 1348 3142 Ad
1381 3079 1441 3142 hoc
1474 3078 1552 3144 solis
1584 3099 1701 3142 munus
1724 3084 1851 3160 spectat
1873 3099 2010 3162 graecus

351 3173 407 3240 ille
440 3176 535 3254 111111,
568 3175 660 3239 cuius
692 3175 887 3240 mentionem
921 3177 1001 3242 facit
1033 3180 1222 3247 Athenaeus
1244 3181 1302 3246 XV
1332 3203 1362 3264 p.
1386 3181 1448 3245 693
1471 3180 1501 3241 Ε
1524 3177 1617 3263 παρὰ
1645 3177 1681 3243 δὲ
1707 3181 1779 3257 τοῖς
1801 3173 1955 3266 Ἕλλησιν
1977 3174 2007 3243 ol

351 3272 490 3352 θύοντες
521 3280 568 3357 τῷ
599 3271 710 3359 Ἡλίῳ,
742 3273 787 3350 ὥς
819 3299 901 3362 φησι
938 3277 1109 3364 Φύλαρχος
1131 3279 1165 3345 ἐν
1190 3289 1232 3369 τῇ
1255 3279 1298 3362 ιδ
1323 3287 1386 3346 τῶν
1409 3277 1575 3366 ἱστοριῶν,
1595 3278 1671 3360 μέλι
1695 3280 1900 3362 σπένδουσιν,
1923 3272 2011 3345 οἶνον

351 3370 389 3439 od
419 3375 574 3460 φέροντες
605 3379 677 3453 τοῖς
708 3379 844 3457 βωμοῖς,
878 3377 947 3442 δεῖν
973 3379 1122 3464 λέγοντες
1143 3380 1199 3446 τόν
1224 3378 1265 3446 τᾶ
1288 3379 1349 3446 ὅλα
1382 3379 1555 3462 συνέχοντα
1587 3380 1644 3447 καὶ
1666 3383 1904 3469 διακρατοῦντα
1928 3381 2011 3447 θεόν

326 3474 408 3556 ,καὶ
442 3469 496 3540 ἀεὶ
523 3470 797 3564 περιπολεύοντα
823 3476 881 3542 τόν
913 3476 1032 3561 κόσμον
1054 3474 1229 3568 ἀλλότριον
1251 3476 1337 3548 εἶναι
1360 3483 1478 3571 μέθης.
1522 3485 1561 3550 11
1584 3489 1775 3551 1111111111
1797 3507 2010 3554 commemoro

352 3577 450 3644 Indos
484 3599 610 3661 quoque
633 3581 870 3647 uetustissimos
897 3581 1004 3649 Solem
1033 3583 1146 3651 fecisse
1172 3591 1280 3653 terras
1302 3593 1334 3653 et
1356 3587 1438 3654 caeli
1460 3587 1572 3654 orbem
1594 3589 1822 3655 continentem.
1866 3589 1904 3654 R.
1929 3589 2008 3656 Ved.

351 3677 381 3744 X
407 3681 466 3744 149
489 3679 639 3745 ”Sanitar
661 3686 784 3746 terram
807 3683 947 3750 uinculis
969 3688 1180 3754 constrictam
1202 3689 1342 3755 tirmiter
1357 3689 1528 3760 continuit,
1545 3689 1684 3756 firmiter
1698 3691 1825 3756 caelum
1840 3691 1874 3756 in
1889 3691 2009 3758 mundo

353 3786 445 3847 vasto
477 3782 545 3846 sine
579 3781 692 3847 fulcris
726 3783 989 3868 (ashambhane).
1034 3789 1131 3873 Apud
1163 3793 1357 3873 posteriores
1391 3791 1552 3856 Romanos
1579 3793 1630 3858 uel
1658 3797 1813 3860 externae
1836 3795 2009 3878 religiones

355 3880 406 3947 uel
439 3881 588 3947 doctrina
621 3885 825 3966 quorundam
859 3887 1123 3972 philosophorum
1156 3897 1286 3958 tantum
1318 3891 1428 3957 ualuit
1455 3899 1492 3957 ut
1514 3900 1622 3959 essent
1644 3895 1700 3978 qui
1724 3893 1829 3960 Solem
1851 3899 2009 3979 putarent

351 4005 419 4049 esse
452 3984 575 4062 Iouem,
608 3991 647 4050 ut
679 3989 856 4072 luppiter
889 3991 1062 4074 Optimus
1095 3993 1157 4059 Sol
1191 3992 2009 4079 1111119111111111111111131101111111

351 4083 532 4151 Dominus
565 4085 627 4152 Sol
660 4089 718 4153 211
755 4091 804 4154 W.
839 4093 970 4158 Anthol.
1002 4095 1061 4160 381
1096 4095 1125 4160 R
1157 4097 1238 4161 haec
1271 4099 1393 4182 scripta
1415 4102 1492 4162 sunt
1514 4098 1546 4162 in
1571 4097 1701 4164 laudem
1724 4099 1807 4166 Solis
1828 4122 1860 4165 u.
1883 4103 1921 4166 41
1949 4123 2007 4185 equ

351 4185 422 4253 ”Sol
445 4187 544 4254 facies
566 4189 679 4254 mundi
702 4191 848 4276 caelique
871 4195 1015 4263 uolnbile
1038 4198 1195 4282 templum
1217 4199 1317 4266 —Sol
1340 4199 1446 4279 Liber,
1470 4197 1524 4265 Sol
1547 4199 1634 4264 alma
1656 4199 1763 4274 Ceres,
1787 4201 1841 4268 Sol
1857 4201 2007 4288 Iuppiter

349 4289 446 4371 ipse’t

434 4390 544 4457 Etiam
577 4391 785 4476 Plutarchus,
818 4397 913 4465 homo
945 4399 1142 4484 Platonicus,
1171 4401 1323 4484 Ῥωμαικ.
1356 4427 1383 4470 c.
1412 4407 1450 4470 19
1477 4427 1507 4489 p.
1531 4407 1571 4469 92
1595 4405 1634 4470 W
1661 4406 1760 4472 solem
1783 4406 1930 4492 appellat
1952 4403 2008 4470 τὸν

349 4487 460 4574 κύριον
492 4491 548 4556 καὶ
582 4490 722 4577 ἡγεμόνα
755 4501 812 4581 τῆς
844 4501 976 4583 ῥευστῆς
1007 4498 1122 4581 οὐσίας
1155 4501 1295 4592 ἁπάσης.
1344 4507 1387 4572 Et
1419 4511 1447 4573 is
1479 4507 1667 4574 Platonicus
1700 4511 1792 4575 cuius
1824 4509 2006 4576 doctrinam

349 4591 506 4659 Macrobii
528 4601 644 4662 auctor
665 4604 795 4665 secutus
818 4606 867 4666 est
889 4603 957 4686 ipse
980 4607 1121 4672 testatur
1144 4629 1177 4674 se
1200 4607 1316 4679 Ianum
1336 4617 1370 4676 11
1385 4609 1491 4676 Solem
1507 4611 1644 4677 eundem
1659 4616 1777 4697 putare
1792 4633 1843 4696 ap.
1861 4611 2004 4679 Macrob.

348 4693 380 4759 S.
403 4693 429 4757 I.
455 4697 505 4760 17.
527 4699 568 4761 42
596 4697 674 4764 ”Sol
709 4702 905 4769 umoribus
937 4707 1147 4775 exsiccatis
1180 4711 1226 4776 ad
1260 4713 1595 4796 progenerandum
1621 4715 1796 4781 omnibus
1824 4717 2006 4800 praebuit

347 4815 508 4876 oausam,
531 4803 569 4862 ut
591 4799 639 4864 ait
660 4799 808 4884 Orpheus

789 4904 915 4990 πατρός
936 4900 1052 4985 ἔχοντα
1075 4909 1149 4974 νόον
1169 4913 1227 4979 καὶ
1250 4911 1415 4999 ἐπίφρονα
1437 4917 1557 5002 βουλήν

346 5000 444 5167 undae
466 5023 533 5068 nos
555 5023 706 5086 quoque
728 5007 862 5074 Ianum
888 5017 1038 5095 patrem
1066 5037 1255 5100 uocamus,
1283 5019 1400 5085 solem
1422 5020 1490 5085 sub
1513 5021 1584 5088 hac
1606 5023 1871 5108 appellatione
1893 5049 2002 5096 nene-

346 5122 414 5168 ran
440 5125 487 5172 es.
