4694 6114
1139 545 1219 670 '38

450 769 521 835 Iam
555 771 724 838 uideamus
750 771 789 838 de
813 771 928 837 altera.
974 773 1020 836 Ac
1042 773 1181 854 primum
1206 773 1377 857 quaeritur
1400 795 1464 858 quo
1486 795 1563 840 casu
1585 774 1638 838 sit.
1683 769 1928 840 Nominatiunm
1951 773 2024 860 plu·

367 869 468 936 ralem
502 872 544 937 ab
578 873 639 937 hac
673 875 861 955 quaestione
884 875 925 938 ob
947 875 1216 958 significationem
1241 895 1309 941 esse
1332 876 1580 960 segregandum,
1603 875 1723 942 dictum
1748 881 1812 955 eat3
1836 897 1894 942 nec
1915 877 2025 959 potnit

367 973 399 1038 in
422 984 479 1038 -oe
501 974 627 1041 cadere.
674 978 719 1041 Ac
742 999 781 1042 ne
805 977 941 1059 genitiui
965 979 1092 1062 quidem
1125 980 1204 1044 haec
1227 979 1413 1044 terminatio
1435 999 1504 1044 esse
1527 979 1643 1061 potuit.
1687 977 1769 1042 Nam
1797 999 1869 1044 cum
1897 983 2025 1044 constet

367 1073 544 1141 locatiuum
567 1077 600 1144 in
623 1079 648 1142 -i
672 1078 880 1153 desinentem,
904 1083 959 1163 qui
982 1079 1123 1148 secunda
1145 1082 1362 1148 declinatione
1385 1082 1521 1166 genitiui
1545 1079 1651 1146 officio
1677 1080 1838 1165 fungitur,
1868 1081 2025 1145 thematis

367 1178 522 1258 noralem,
545 1181 613 1246 sine
635 1203 653 1246 o
676 1182 744 1246 siue
767 1204 784 1246 e
807 1181 878 1264 fuit,
902 1203 941 1248 ea
963 1183 1179 1250 declinatione
1207 1207 1269 1250 non
1292 1185 1481 1270 producere,
1505 1205 1545 1248 ne
1567 1181 1808 1248 adsimilatione
1831 1183 1961 1266 quidem
1985 1221 2023 1230 -

367 1303 464 1364 quam
498 1283 611 1348 dieunt
644 1281 738 1348 hodie
772 1283 872 1368 uulgo
899 1285 1084 1369 analogiam
1106 1323 1149 1335 —
1171 1288 1268 1353 huius
1290 1288 1414 1378 ordinis
1437 1287 1566 1352 nomina
1589 1285 1769 1369 genitinum
1793 1287 1825 1350 in
1849 1292 1896 1350 -ῠῑ
1916 1285 2024 1350 faeere

367 1391 555 1468 potuerunt.
599 1386 715 1451 Restat
748 1389 851 1471 igitur
883 1387 1027 1454 datinus.
1074 1389 1120 1456 De
1153 1409 1218 1472 quo
1251 1393 1300 1456 ita
1327 1411 1461 1474 agemus
1484 1393 1520 1454 nt
1542 1389 1691 1454 themata
1713 1389 1745 1452 in
1768 1393 1858 1454 -aet
1880 1399 1912 1452 -e
1935 1395 1968 1454 et
1992 1411 2024 1454 -o

367 1487 558 1567 desinentia,
581 1490 733 1572 quoniam
756 1491 907 1574 pariliter
928 1491 996 1557 fere
1019 1493 1237 1574 declinantur,
1260 1495 1457 1561 coniunctim
1480 1513 1712 1576 comparemus.
1757 1491 1806 1557 Ea
1828 1491 1935 1558 tribus
1959 1513 2024 1556 mo·

367 1579 417 1653 dis
449 1591 482 1654 in
516 1591 663 1656 datiuum
698 1591 916 1659 declinantur.
961 1593 1108 1662 Primum
1140 1619 1241 1680 genus
1274 1603 1324 1664 est
1356 1597 1488 1662 locatiui
1523 1594 1593 1659 nice
1617 1594 1721 1660 datiui
1754 1593 1930 1676 fungentis.
1974 1593 2024 1658 El.
2097 1595 2100 1601 '

367 1684 462 1755 edroi
483 1691 520 1758 G.
545 1693 654 1778 Meyer
676 1692 732 1758 Gr.
755 1694 828 1759 Gr.²
851 1697 870 1781 ᾗ
893 1699 968 1778 350;
1003 1697 1067 1762 hib.
1095 1700 1215 1772 tuaith,
1245 1699 1351 1765 umhr.
1375 1697 1480 1782 poplo,
1504 1697 1592 1782 popli
1616 1719 1635 1762 a
1657 1696 1785 1781 *poplei
1808 1701 1867 1761 aut
1888 1695 2023 1780 *poploi

367 1831 429 1876 osc.
465 1811 639 1879 Abellandl
672 1813 693 1876 i.
726 1837 752 1880 e.
788 1815 975 1888 Abellanos.
1009 1817 1068 1883 lat.
1097 1798 1203 1884 terrai
1223 1826 1341 1885 terrae.
1386 1817 1468 1883 Num
1493 1819 1590 1882 etiam
1615 1816 1771 1900 populoi
1795 1815 1877 1882 Mar.
1903 1818 2023 1883 Victor.

367 1915 418 1977 12.
446 1919 458 1979 l
484 1919 517 1979 et
542 1917 589 1978 ll.
612 1915 706 1980 201(
729 1918 761 1982 in
784 1917 843 1984 hoc
866 1941 984 2002 genere
1007 1923 1051 1986 sit
1072 1921 1286 2004 referendum,
1310 1943 1348 1987 eo
1371 1921 1474 2002 magis
1497 1921 1656 1986 incertum
1686 1921 1843 2004 estquod
1866 1921 2025 1986 nescimus

367 2021 477 2081 utrum
511 2017 673 2102 disyllaba
706 2019 749 2084 sit
783 2023 1022 2098 terminatione,
1056 2047 1096 2088 an
1129 2023 1361 2110 monosyllaba.
1407 2022 1540 2087 Accedit
1571 2021 1659 2103 quod
1693 2021 1726 2086 hi
1753 2022 1825 2096 loci,
1848 2029 1887 2087 ut
1909 2045 2023 2106 parum

366 2120 487 2203 integri
515 2127 548 2185 et
570 2121 767 2204 perturbati,
789 2123 890 2188 dubia
913 2129 989 2189 sunt
1011 2125 1088 2205 fide;
1111 2127 1170 2192 illa
1199 2149 1275 2192 uero
1297 2125 1453 2212 'ramelei'
1477 2123 1607 2208 'caprei’
1630 2145 1681 2208 ap.
1705 2125 1841 2190 eundem
1866 2148 1897 2208 p.
1920 2128 1971 2190 al.
1994 2131 2023 2191 5.

367 2221 396 2284 K
430 2221 511 2286 nihil
546 2221 691 2304 profecto
724 2222 767 2287 ad
794 2244 862 2289 rem
890 2225 1094 2294 iudicandam
1119 2227 1241 2304 ualent,
1264 2227 1350 2311 quod
1371 2226 1548 2294 ostendunt
1569 2226 1747 2292 Buecheler
1769 2226 1809 2292 de
1832 2227 1948 2293 declin.
1972 2229 2022 2294 ed.

367 2323 417 2387 W.
441 2325 459 2408 ς
482 2325 542 2388 272
576 2330 609 2390 et
642 2324 765 2390 Iordan
793 2325 860 2390 Btr.
886 2351 915 2412 p.
938 2329 997 2393 241
1023 2350 1093 2412 sqq.
1138 2328 1287 2395 Alterum
1321 2351 1434 2412 genus,
1467 2349 1551 2412 quae
1585 2349 1664 2392 nera
1697 2333 1730 2393 et
1757 2327 2024 2412 indogermanica

367 2431 443 2490 sunt
476 2423 580 2490 datiui
614 2428 852 2495 terminatione.
898 2427 947 2492 Ea
980 2430 1168 2495 terminatio
1203 2430 1256 2495 uhi
1291 2451 1363 2496 cum
1397 2428 1551 2494 extremis
1584 2429 1622 2492 iis
1656 2449 1740 2512 qnae
1774 2428 1842 2494 dixi
1869 2429 2023 2496 thematis
2066 2481 2070 2488 .

366 2528 543 2608 concreuit,
566 2527 627 2592 hae
650 2534 748 2593 natae
770 2535 845 2593 sunt
869 2533 1114 2598 terminationes
1137 2532 1348 2597 secundariae
1370 2537 1404 2596 et
1427 2530 1682 2613 monosyllabae:
1707 2532 1759 2614 -ai
1781 2533 1833 2614 -ei
1850 2533 1913 2614 -op
1937 2535 2022 2616 quod

366 2629 447 2693 satis
480 2629 642 2712 cognitum
677 2636 736 2696 est.
770 2629 826 2696 Gr.
859 2632 974 2713 βουλᾶι
1009 2632 1116 2714 doliana
1139 2633 1177 2699 D.
1202 2635 1228 2698 I.
1252 2634 1344 2712 3007,
1368 2640 1470 2702 uuest.
1494 2633 1622 2714 miprai,
1644 2633 1768 2698 hibern.
1791 2633 1854 2699 fiur
1876 2657 1893 2700 e
1916 2635 2022 2700 *nir-n

366 2751 425 2815 pro
447 2729 560 2811 *virop
582 2731 672 2813 goth.
696 2731 790 2814 daga,
815 2732 888 2800 lith.
912 2722 1015 2800 vilhui
1037 2735 1074 2820 (a
1097 2737 1191 2818 vrhoi
1212 2736 1378 2818 Brugman
1401 2735 1457 2801 Gr.
1480 2735 1506 2797 I.
1530 2735 1548 2819 ᾗ
1567 2733 2024 2818 148)‚lat.*fids1ude*nlu-

366 2832 459 2912 tutai
490 2832 620 2898 Matuta
652 2833 831 2901 Buecheler
854 2835 873 2900 l.
897 2859 923 2902 c.
947 2837 965 2922 ξ
988 2837 1065 2919 263;
1098 2839 1260 2919 *duenoi
1292 2838 1413 2904 duent
1447 2839 1481 2902 in
1502 2838 1553 2901 tit.
1582 2835 1722 2902 ’'Dueni”
1743 2836 1832 2922 (lego
1855 2840 1939 2903 enim
1963 2840 2022 2904 sic:

368 2934 485 3000 ’dueno
507 2935 615 3008 inem’,
639 2957 669 2999 n.
693 2957 723 3018 p.
748 2937 810 3020 29).

453 3035 503 3100 Ad
536 3037 616 3102 haec
639 3037 703 3102 duo
727 3059 848 3119 genera
870 3039 996 3106 accedit
1017 3043 1050 3106 in
1075 3043 1268 3126 quibusdam
1296 3042 1416 3126 linguis
1443 3042 1578 3107 tertium
1598 3061 1710 3106 eornm
1734 3062 1817 3125 quae
1840 3051 1918 3108 sunt
1940 3045 2022 3126 figu-

349 3143 442 3202 -rata
475 3136 666 3220 productius
700 3139 901 3221 grauiusque
934 3143 1164 3208 terminatione
1191 3143 1362 3228 disyllaba.
1406 3141 1502 3208 Goth.
1531 3141 1620 3226 gibai
1647 3143 1711 3226 (·ai
1733 3165 1773 3208 ex
1797 3146 1850 3214 -οἰ,
1874 3147 1960 3227 qnod
1983 3169 2023 3212 ex

367 3242 409 3316 oi,
432 3239 492 3326 hoo
512 3245 621 3304 antem
647 3241 785 3332 sortasse
808 3263 847 3306 ex
870 3243 922 3328 ai)
944 3243 1139 3328 disyllabam
1163 3245 1259 3310 huius
1282 3247 1409 3328 generis
1432 3245 1695 3310 terminationem
1718 3247 1899 3327 contraxit3
1922 3247 2023 3316 latine

368 3341 446 3408 fider
477 3341 615 3422 Ennius3
650 3349 754 3408 terrai
775 3343 950 3427 frugiferai
970 3345 1020 3409 Id.
1043 3367 1095 3429 ap.
1118 3345 1243 3412 Charis.
1271 3349 1307 3411 19
1330 3345 1370 3412 K.
1393 3346 1670 3426 Quemadmodum
1694 3369 1756 3412 scr.
1779 3351 1923 3434 senayai,
1946 3353 2023 3416 item

368 3446 427 3511 lat.
461 3445 540 3512 fidei
571 3455 676 3512 terrai
707 3447 863 3514 uidentur
896 3450 1156 3516 terminationem
1189 3450 1294 3516 datini
1329 3451 1519 3532 geminasse.
1565 3450 1605 3514 In
1638 3449 1698 3514 hoc
1733 3470 1852 3531 genere
1885 3451 2024 3518 forsitan

368 3547 491 3613 referre
514 3547 613 3614 liceat
634 3548 693 3614 illa
715 3571 766 3633 ap.
791 3548 873 3616 Mar.
896 3551 1097 3618 Victorinum
1122 3551 1156 3616 ll.
1180 3575 1210 3636 q.
1234 3553 1277 3618 d.:
1300 3551 1469 3637 pupulci,
1504 3553 1686 3630 romenei,
1709 3559 1747 3616 ut
1769 3553 1835 3618 sint
1857 3553 2024 3638 populoi,

368 3658 551 3724 romanon
585 3659 674 3718 certe
708 3673 771 3718 non
804 3653 919 3718 dnbito
953 3656 1033 3736 quin
1066 3677 1107 3720 ex
1139 3655 1199 3722 hoc
1232 3677 1350 3740 genere
1384 3656 1427 3720 sit
1461 3655 1494 3719 id
1527 3653 1567 3719 de
1595 3674 1658 3738 qno
1682 3653 1806 3738 agitur:
1830 3655 2024 3738 pilumnoe

367 3749 514 3834 poploe,
538 3751 624 3834 quod
647 3753 810 3818 uarietate
832 3755 1014 3837 scripturae
1037 3758 1226 3838 posterioris
1248 3764 1298 3823 est
1320 3779 1379 3840 pro
1401 3759 1538 3839 antiquo
1561 3755 1679 3839 pilum
1688 3764 1750 3820 noi
1771 3757 1909 3840 poploi.
1932 3758 2024 3835 Quod

368 3851 470 3934 possis
502 3872 628 3918 sumere
662 3852 793 3918 ductum
827 3875 895 3920 esse
929 3877 950 3920 a
981 3863 1092 3922 uetere
1119 3858 1350 3924 terminatione
1382 3859 1488 3923 datiui
1510 3856 1673 3941 disyllaba
1697 3857 1783 3930 aie,
1807 3879 1906 3939 quam
1928 3861 2024 3926 credo

368 3958 499 4018 exstare
532 3954 565 4018 in
599 3974 658 4018 scr.
693 3955 812 4036 denaia
846 3955 897 4036 (cf.
932 3957 1086 4042 Whitney
1118 3957 1174 4022 Gr.
1208 3959 1275 4025 Ser.
1299 3961 1317 4043 ᾧ
1340 3961 1412 4038 327,
1434 3960 1532 4024 aliter
1553 3959 1737 4025 Schleicher
1759 3959 1884 4045 eomp·
1908 3984 1939 4046 p.
1963 3965 2025 4028 554

369 4063 401 4120 et
434 4055 662 4120 Bartholomae
686 4055 819 4122 altiran.
844 4057 919 4123 Dial
942 4080 971 4142 p.
995 4059 1075 4143 95¹),
1099 4061 1183 4146 quod
1208 4061 1309 4127 latine
1332 4062 1478 4144 oportuit
1499 4083 1569 4127 esse
1591 4061 1734 4143 *equitia
1757 4063 1832 4128 inde
1855 4071 1959 4148 equoi.
1983 4103 2024 4112 -

369 4157 431 4222 Sed
466 4159 569 4242 magis
602 4157 794 4223 crediderim
828 4159 912 4224 hanc
935 4161 1041 4226 datiui
1064 4161 1200 4228 formam
1225 4163 1345 4227 lectam
1369 4183 1437 4228 esse
1460 4183 1518 4245 per
1541 4162 1816 4229 adsimilationem
1839 4165 1890 4232 uel
1914 4166 2024 4232 analo-

369 4263 466 4343 giam.
510 4259 590 4326 Cum
622 4261 710 4327 enim
739 4269 846 4328 essent
879 4263 974 4328 latini
1007 4265 1112 4329 datiui
1145 4265 1178 4330 in
1200 4277 1233 4329 -o
1255 4275 1289 4330 et
1311 4278 1348 4330 -a
1370 4269 1404 4328 et
1425 4274 1462 4328 -e
1485 4263 1677 4344 desinentes,
1700 4286 1772 4329 cnm
1794 4273 1902 4332 esseut
1924 4267 2023 4334 etiam

369 4363 616 4428 terminationes
649 4368 806 4446 cognatae
840 4364 1024 4448 similesque
1058 4387 1142 4450 quae
1176 4367 1259 4432 idem
1284 4367 1513 4451 significabant
1535 4373 1584 4430 -ai
1605 4363 1663 4442 -ὀῑ,
1686 4373 1939 4434 consentaneum
1962 4369 2027 4435 fuit

369 4465 482 4532 eadem
505 4465 610 4531 forma
632 4465 781 4530 datiuum
805 4466 838 4530 in
862 4473 911 4530 -oi
932 4487 1060 4550 quoque
1084 4467 1251 4534 declinari.
1286 4469 1378 4534 Hauc
1400 4469 1485 4534 enim
1508 4469 1666 4534 rationem
1691 4467 1767 4552 poni
1790 4477 1932 4552 oportet:
1956 4473 2023 4538 dat.

369 4587 417 4650 sg.
440 4579 485 4646 -ῑι,
508 4579 555 4632 -et
579 4567 646 4633 dat.
669 4589 706 4651 sg
729 4567 881 4634 -o=dat.
905 4590 953 4652 sg.
977 4577 1034 4648 -ai,
1056 4577 1118 4634 -eiz
1141 4571 1207 4636 dat.
1231 4592 1277 4654 sg.
1300 4579 1360 4635 -on
