4694 6114
968 1909 1494 2046 Commentario.

482 2191 689 2258 Exordium
712 2191 806 2274 capio
827 2190 869 2254 ab
893 2189 953 2255 boc
976 2189 1045 2256 loco
1067 2189 1162 2255 Pauli
1185 2190 1308 2256 Festini
1323 2212 1353 2274 p.
1378 2189 1460 2255 3M:
1478 2189 1680 2256 ”Axamenta
1696 2190 1889 2256 dicebantur
1903 2189 2050 2255 carmina

396 2294 538 2362 Saliaria
570 2315 655 2378 quae
688 2315 709 2358 a
731 2291 827 2358 Saliis
848 2292 1051 2358 canebantur
1073 2293 1105 2358 in
1128 2293 1298 2359 uniuersos
1319 2305 1424 2366 <eos
1445 2313 1522 2374 quos
1541 2295 1716 2374 generatim
1738 2295 1973 2368 damnarent>
1996 2291 2051 2356 ho-

396 2398 512 2473 mines,
535 2417 609 2461 nam
631 2397 665 2461 in
687 2395 763 2460 deos
786 2395 928 2478 singulos
951 2415 1065 2460 uersus
1088 2394 1166 2459 lacti
1189 2415 1209 2458 a
1232 2395 1418 2460 nominibus
1439 2416 1551 2461 eorum
1573 2394 1888 2479 appellabantur‚ut
1910 2393 2051 2468 lanuli,

396 2500 562 2576 lunonii,
596 2497 799 2564 MineruiP
821 2497 896 2582 (pro
919 2496 1083 2564 ’homines’
1106 2519 1277 2564 semones
1300 2497 1436 2563 coniecit
1460 2496 1611 2578 Hartung
1634 2503 1667 2561 et
1690 2496 1856 2581 Lysander
1880 2496 1963 2560 Hist.
1987 2495 2050 2559 litt.

395 2601 452 2665 lat.
479 2623 508 2684 p.
538 2603 608 2679 102,
641 2601 727 2684 quod
760 2600 1015 2683 angustioribus,
1038 2621 1136 2684 quam
1159 2622 1220 2683 par
1242 2605 1300 2668 est,
1325 2599 1443 2664 finibus
1465 2620 1533 2663 rem
1556 2599 1696 2684 definit).
1742 2597 1786 2663 Iis
1809 2619 1893 2681 quae
1916 2597 2050 2662 traditis

395 2703 513 2782 uerbis,
547 2723 631 2784 quae
663 2701 836 2768 manifesto
859 2725 922 2769 non
945 2704 1074 2786 integra
1097 2709 1181 2780 sunt,
1204 2703 1342 2780 intexui,
1365 2721 1477 2766 ueram
1500 2701 1616 2767 saltem
1643 2703 1839 2768 sententiam
1867 2701 2050 2766 restituisse

395 2805 516 2870 uideor.
563 2805 630 2871 Hoc
663 2805 748 2870 enim
781 2804 850 2869 sine
883 2803 983 2869 dubio
1017 2803 1131 2871 Festus
1153 2805 1294 2882 dixerat,
1318 2804 1398 2870 alios
1421 2805 1497 2870 deos
1520 2806 1672 2870 uniuersa
1694 2825 1732 2870 ac
1754 2805 1946 2888 generatim,
1969 2802 2051 2867 alios

395 2908 586 2972 nominatim
619 2928 640 2972 a
674 2905 771 2970 Saliis
803 2927 871 2970 esse
893 2905 1073 2972 inuocatcs.
1118 2906 1161 2970 Et
1183 2912 1311 2972 constat
1332 2906 1490 2988 quosdam
1512 2904 1588 2972 deos
1611 2927 1682 2971 eum
1707 2907 1889 2972 nominibus
1911 2905 2051 2988 propriis

394 3015 553 3081 carerent,
587 3009 716 3092 generis
737 3008 865 3072 nomine
887 3007 1000 3072 solitos
1023 3029 1091 3072 esse
1114 3008 1167 3072 uel
1188 3006 1364 3091 pluraliter
1386 3007 1614 3090 comprehendi
1637 3007 1692 3072 uel
1714 3007 1928 3088 singulariter
1951 3005 2049 3086 signi·

394 3111 495 3174 ficari.
541 3109 639 3175 Velut
661 3107 805 3174 carmine
828 3107 968 3172 fratrum
993 3107 1162 3172 Arualium
1187 3109 1377 3172 nominatim
1402 3107 1573 3185 Marmara,
1595 3108 1694 3188 Mars,
1717 3108 1853 3184 Mamor,
1870 3107 2048 3190 generatim

396 3211 496 3276 Lares
528 3215 562 3275 et
598 3209 749 3276 Semones
783 3209 988 3273 inuocantur.
1033 3209 1114 3273 Item
1150 3209 1245 3287 Salii·
1263 3231 1335 3274 cum
1358 3211 1467 3276 uerbis
1490 3209 1601 3294 populi
1624 3212 1749 3276 romani
1773 3191 1822 3276 dis
1846 3207 2050 3292 Indigetibus

395 3311 634 3396 supplicabant,
667 3311 805 3375 fortasse
839 3310 1051 3394 appellabant
1083 3311 1201 3377 Lares
1235 3311 1467 3392 Praestites,
1494 3313 1534 3378 de
1557 3313 1676 3394 quibus
1699 3312 1835 3378 Ouidius
1859 3311 1898 3374 V.
1922 3311 2049 3375 Fastor-

397 3416 456 3479 1⁶29
479 3435 549 3497 sqq.
594 3412 878 3478 ”Praestitibus
912 3412 1017 3480 Maiae
1051 3413 1218 3478 Laribus
1252 3413 1362 3478 uidere
1390 3412 1557 3478 Kalendae
1580 3435 1671 3478 aram
1699 3414 1853 3479 constitui
1882 3431 2050 3495 paruaque

394 3518 488 3600 signa
519 3517 615 3582 deum
648 3553 678 3563 -
713 3553 743 3562 -
777 3535 876 3579 causa
911 3522 1020 3583 tamen
1052 3516 1150 3598 positi
1184 3516 1292 3580 luerat
1325 3517 1525 3599 cognominis
1557 3515 1624 3582 illis
1646 3515 1732 3599 quod
1756 3519 1927 3598 praestant
1948 3511 2050 3578 oculis

394 3621 502 3684 omnia
525 3627 599 3684 tuta
621 3619 696 3682 anis.
721 3625 810 3682 stant
833 3638 960 3701 quoque
984 3639 1042 3701 pro
1065 3617 1158 3682 nobis
1180 3625 1213 3683 et
1228 3624 1392 3708 ¹praesunt
1415 3619 1581 3683 moenibus
1604 3618 1697 3683 urbis
1719 3622 1753 3683 et
1768 3623 1845 3682 sunt
1860 3621 2048 3700 praesentes

394 3720 618 3802 auxiliumque
650 3719 785 3784 ferunt’'.
831 3719 877 3784 De
900 3720 939 3784 iis
961 3721 1000 3782 of.
1024 3719 1110 3785 Plut.
1138 3743 1208 3807 κεφ.
1233 3725 1309 3806 ῥωμ.
1333 3719 1387 3786 LI.
1431 3720 1473 3784 Hi
1496 3741 1567 3785 cum
1591 3720 1762 3784 uniuersae
1785 3720 1876 3784 urhis
1898 3715 2048 3782 custodes

394 3821 557 3900 dicantur,
580 3843 659 3888 cura
681 3843 791 3887 eorum
814 3820 855 3885 ad
878 3822 1064 3888 uniuersum
1088 3824 1241 3907 populum
1265 3825 1427 3907 pertinere
1450 3823 1575 3888 credita
1601 3829 1661 3888 est.
1705 3823 1793 3907 Ergo
1814 3843 1878 3887 non
1899 3821 1969 3886 iure
1992 3819 2050 3884 hos

329 3923 333 3932 '
394 3945 467 3988 oum
489 3923 630 3988 Laribus
652 3922 892 4006 compitalibus,
926 3924 981 4006 qui
1004 3924 1109 4007 primo
1136 3926 1186 3989 sui
1209 3925 1364 4008 cuiusque
1391 3925 1498 4008 gentis
1526 3945 1564 3990 ac
1586 3924 1726 3990 uiciniae
1748 3925 1782 3989 di
1804 3924 1946 4000 fuerunt,
1968 3919 2049 3986 Ger·

394 4026 489 4104 hard,
522 4025 594 4090 Ges.
619 4023 701 4088 Abh.
726 4025 752 4086 Ι.
777 4024 848 4108 339,
872 4026 1082 4092 commiscuit.
1127 4025 1313 4093 Camenae
1341 4029 1515 4092 uniuersae
1536 4029 1730 4094 inuocantur
1752 4027 1905 4094 carminis
1927 4025 2049 4090 Priami

393 4149 492 4194 uersu
525 4149 576 4210 ap.
611 4126 791 4192 Varronem
814 4127 848 4190 L.
872 4127 906 4191 L.
931 4127 1006 4191 VII.
1029 4129 1047 4213 ξ
1070 4127 1110 4194 28
1133 4129 1285 4205 ueterem,
1308 4128 1490 4204 Casureuas,
1514 4129 1641 4196 caecam
1664 4129 1732 4196 rem
1756 4129 1829 4196 uolo
1853 4127 1993 4213 profari,
2016 4131 2049 4191 et

392 4233 534 4316 primum
548 4267 589 4276 —
603 4267 640 4276 -
657 4265 692 4274 —
708 4227 889 4311 (²ueterem’
913 4229 1055 4296 Merula:
1080 4233 1226 4298 'ueteres'
1250 4233 1290 4312 F,
1313 4231 1519 4298 Casmenas
1541 4239 1591 4297 est
1607 4233 1757 4299 uocatiuo
1773 4254 1849 4298 casu
1864 4229 2048 4314 pluralitem

393 4333 432 4397 ol.
466 4329 593 4396 Ritscbl
624 4328 664 4394 de
698 4329 726 4392 D
758 4329 849 4393 finali
882 4351 912 4412 p.
940 4333 997 4394 lll
1021 4353 1068 4416 sq.
1092 4339 1125 4396 et
1149 4333 1326 4399 Buecheler
1349 4333 1430 4399 decl.
1453 4334 1502 4399 ed.
1526 4335 1575 4399 W.
1599 4334 1617 4417 ξ
1640 4335 1707 4416 81).
1755 4335 1820 4397 Eas
1843 4334 1941 4396 etiam
1965 4329 2049 4394 Salii

393 4433 591 4500 carminibus
614 4430 884 4514 comprehendere
907 4431 1105 4513 debuerunt3
1128 4435 1214 4515 quod
1237 4433 1325 4499 lama
1347 4443 1428 4510 erat,
1452 4455 1550 4517 quam
1574 4433 1713 4499 tradidit
1739 4432 1937 4496 Plutarchus
1952 4429 2048 4494 Num.

393 4559 419 4602 c.
459 4535 506 4611 13,
537 4532 686 4598 aNuma
709 4532 861 4616 Egeriam
883 4532 1104 4616 Camenasque
1127 4539 1160 4600 in
1183 4537 1317 4601 consilio
1339 4537 1481 4612 habitas,
1503 4557 1575 4600 cum
1598 4534 1717 4600 ancilia
1739 4533 1779 4598 de
1806 4533 1895 4598 caelo
1917 4533 2048 4598 cecidis-

394 4645 480 4716 sent;
514 4635 683 4719 locumque
717 4635 809 4701 illum
842 4656 914 4700 oum
938 4636 977 4700 iis
1000 4657 1084 4717 quae
1110 4637 1197 4701 circa
1223 4643 1331 4703 essent
1353 4637 1395 4700 ab
1418 4637 1529 4702 eodem
1553 4635 1702 4702 Camenis
1723 4655 1792 4700 esse
1815 4641 2046 4700 consecratum.

394 4742 426 4808 si
450 4739 663 4805 Penatibus
685 4739 820 4823 populi
843 4740 990 4805 romani
1013 4739 1065 4805 uel
1089 4738 1147 4804 die
1170 4741 1313 4824 patriis
1335 4739 1391 4822 (cl.
1416 4737 1534 4824 Hygin.
1558 4759 1608 4822 ap.
1632 4737 1774 4803 Maorob.
1798 4737 1829 4802 S.
1852 4739 1916 4803 III.
1939 4740 1968 4800 4.
1995 4737 2048 4816 13)

393 4841 446 4908 uel
463 4839 714 4920 Indigelihus
737 4841 906 4918 uniuersis,
924 4842 1014 4906 cuius
1030 4842 1075 4906 rei
1091 4839 1241 4924 exempla
1257 4841 1314 4906 dat
1329 4839 1458 4906 Briason
1475 4839 1515 4904 de
1533 4837 1681 4905 formulis
1695 4861 1725 4922 p.
1737 4841 1778 4903 46
1790 4839 1973 4924 (LXXXV)
1989 4859 2047 4920 sq,

394 4942 473 5008 Salii
496 4961 624 5024 quoque
648 4941 886 5025 supplicabant,
909 4943 959 5007 his
982 4943 1072 5008 locus
1095 4944 1127 5008 iu
1151 4945 1341 5008 Axamentis
1363 4941 1545 5007 attributus
1568 4949 1632 5021 est;
1656 4943 1848 5025 praesertim
1865 4943 1892 5006 si
1907 4941 2047 5006 Varroni

338 5035 343 5042 ’
394 5043 556 5108 credimus
589 5065 641 5126 ap.
676 5043 854 5110 Arnobium
889 5043 954 5108 111.
988 5047 1029 5110 40
1051 5045 1189 5112 Penates
1211 5047 1268 5129 qui
1290 5051 1397 5111 essent
1419 5047 1452 5110 in
1475 5047 1598 5112 intimis
1621 5045 1844 5128 penetralibus
1866 5043 1947 5109 caeli
1971 5043 2047 5108 deus

393 5145 502 5218 luisse,
537 5167 595 5211 nec
628 5165 739 5212 eorum
772 5169 941 5212 numerum
974 5167 1032 5213 neo
1066 5149 1197 5215 nomina
1230 5149 1313 5212 sciri.
1358 5147 1420 5213 Sed
1453 5149 1533 5213 haec
1565 5149 1712 5229 quaestio
1746 5169 1807 5213 uon
1835 5153 1941 5231 potest
1964 5145 2047 5212 solui
