4694 6114
1199 585 1241 652 lo

471 755 618 824 Gauius
652 761 761 824 autem
795 753 938 824 Bassus
961 781 1038 824 aera
1065 757 1180 826 lanum
1203 781 1272 824 esse
1295 758 1389 823 dixit.
1435 756 1545 826 Ioann.
1571 755 1679 843 Lydus
1703 755 1723 822 l.
1750 781 1776 824 e.
1817 755 1858 821 ‘0
1885 756 1921 820 δὲ
1947 755 2047 834 Γάιος

389 858 523 935 Βάσσος
557 856 591 920 ἐν
612 867 658 943 τῷ
686 859 765 943 περὶ
789 864 878 924 θεῶν
900 837 1040 940 delanio
1063 854 1267 944 91919(9911.
1292 859 1398 944 Ιανόν)
1421 852 1507 924 εἶναι
1532 859 1664 942 νομίζει,
1688 860 1883 942 τεταγμένον
1905 858 1962 925 ἐπὶ
1987 866 2047 926 τοῦ

387 957 492 1047 ιῖἑρυς,
514 959 571 1026 καί
594 959 625 1026 di
650 957 752 1026 9919991
774 959 834 1036 τὰς
855 969 920 1026 τῶν
943 959 1130 1046 ἀνθρώπων
1154 958 1250 1040 εὐχὰς
1271 955 1500 1046 ἀναφέρεσθαι
1523 965 1596 1036 τοῖς
1625 957 1801 1046 κρείττοσι.

473 1066 611 1142 Varro,
634 1065 848 1146 grauissimus
870 1068 1011 1130 omnium
1035 1069 1160 1138 auctor,
1185 1063 1298 1128 Ianum
1322 1085 1390 1129 esse
1413 1061 1520 1127 uoluit
1542 1063 1701 1129 mundum
1723 1064 1742 1127 i.
1766 1085 1793 1128 e.
1816 1064 2046 1140 eaelum‚teste

387 1169 569 1252 Augustino
593 1167 633 1231 de
655 1163 798 1230 (liudei
822 1167 886 1230 VII
909 1189 935 1231 c.
959 1171 989 1230 7.
1033 1167 1123 1231 Inter
1146 1168 1341 1231 recentiores
1366 1165 1500 1239 Deecke
1524 1163 1594 1228 Etr.
1618 1164 1748 1230 Porsch.
1772 1163 1805 1228 ll
1836 1163 2046 1250 mssqq.,1v

388 1277 428 1338 24
450 1294 519 1356 sqq.
543 1274 575 1336 in
598 1273 732 1336 eandem
757 1272 955 1336 senteutiam
978 1271 1144 1336 subtiliter
1172 1270 1365 1353 disputauit.

472 1376 610 1440 Restant
632 1395 671 1438 ex
695 1374 910 1438 recentiorum
935 1395 1067 1439 numero
1090 1373 1174 1438 duae
1197 1373 1387 1437 sententiae.
1409 1367 1702 1452 CrenaerSymbol.
1719 1372 1756 1434 II
1771 1391 1800 1454 p.
1814 1373 1875 1442 883
1889 1393 1960 1454 sqq.
1994 1372 2044 1436 Ia·
2088 1349 2128 1460 ‚⁸

388 1500 463 1542 num
487 1478 568 1542 fecit
590 1497 711 1542 annum
735 1476 901 1545 zodiacum
925 1481 1179 1558 percurrentem.
1224 1475 1313 1548 Quod
1331 1495 1453 1538 uanum
1478 1471 1764 1554 esseintellegitur
1776 1494 1815 1538 ex
1828 1496 1865 1539 eo
1878 1475 1947 1558 ipso
1959 1476 2046 1558 quod

386 1600 489 1662 usqne
512 1579 553 1643 ad
579 1577 742 1643 Vllzmum
766 1577 857 1642 urbis
880 1577 1044 1642 saeculum
1067 1601 1225 1645 annorum
1251 1578 1346 1642 initia
1375 1599 1435 1641 nou
1460 1575 2044 1654 9119999919,99919Μ99119919999

387 1681 524 1745 Romani
548 1681 642 1744 lastis
667 1681 797 1761 quidem
821 1687 855 1744 et
878 1679 1077 1744 solemnibus
1100 1681 1220 1745 ritihus
1244 1679 1417 1744 ducebant.
1462 1679 1490 1740 A
1513 1675 1664 1742 Creuzeri
1689 1680 1852 1744 sententia
1875 1703 1938 1745 non
1962 1681 2044 1745 mul-

385 1791 454 1847 tum
478 1783 581 1846 distat
608 1783 640 1845 id
664 1782 750 1864 quod
778 1783 872 1846 docet
895 1780 1010 1846 Nissen
1034 1783 1066 1846 19
1089 1784 1219 1864 egregio
1242 1781 1327 1844 libro
1350 1780 1390 1843 de
1414 1779 1545 1862 Templo
1570 1803 1598 1863 p.
1622 1779 1693 1858 218,
1718 1780 1833 1846 lanum
1856 1803 1925 1847 esse
1949 1783 2045 1848 deum

384 1887 461 1950 anni
483 1887 517 1948 19
540 1905 573 1950 99
596 1884 700 1966 ipsum
723 1885 919 1948 reuertentis
942 1889 975 1948 et
997 1885 1181 1965 significare
1205 1885 1308 1966 ipsam
1333 1884 1494 1946 notionem
1512 1885 1608 1966 primi
1621 1895 1654 1948 et
1665 1885 1815 1966 potremi,
1828 1905 1911 1967 quae
1925 1891 1957 1949 et
1970 1909 2043 1950 con·

387 1989 491 2052 traria
523 1997 557 2050 et
591 1988 676 2050 inter
699 2007 732 2050 se
756 1987 871 2062 relata,
895 2008 1101 2069 peromnem
1125 2007 1233 2050 rerum
1257 1991 1409 2049 naturam
1433 1984 1551 2050 diffusa
1574 2007 1653 2050 esse.
1699 1985 1800 2050 Acute
1824 1987 1879 2052 ille
1902 1987 2045 2070 quidem,

385 2091 441 2156 sed
476 2091 580 2154 miuus
613 2090 655 2153 ad
680 2090 938 2172 persuadendum
961 2096 1048 2172 apte,
1074 2090 1159 2174 quod
1183 2111 1221 2154 ne
1247 2089 1381 2159 llomaui
1405 2087 1535 2170 quidem
1558 2088 1777 2170 antiquissimi
1801 2101 1868 2153 tam
1892 2111 2044 2171 praeseu-

387 2195 428 2256 tis
450 2193 503 2256 dei
525 2195 591 2256 uim
615 2193 663 2254 ita
685 2193 802 2255 animis
825 2193 1185 2273 concipere-potuerunt
1207 2195 1244 2252 ut
1267 2189 1349 2253 nihil
1372 2196 1457 2254 esset
1480 2189 1568 2252 aliud
1593 2210 1690 2270 quam
1713 2189 2040 2254 ambitusnotiouoi-

387 2317 482 2360 uersa
515 2304 548 2359 et
584 2293 773 2359 oeensibus
796 2299 922 2358 remota
946 2293 1062 2375 (”diese
1086 2291 1238 2356 Gotthcit
1260 2293 1294 2356 in
1317 2292 1407 2356 ihrer
1430 2293 1603 2355 formlosen
1627 2291 1858 2356 Abstrahtion”
1882 2291 1999 2358 Nissen
2023 2295 2044 2356 l.

386 2421 411 2461 c.
437 2419 466 2479 p.
491 2398 579 2478 229).
1173 2407 1180 2412 '
1460 2473 1463 2480 .

470 2495 508 2567 In
532 2505 627 2564 tanta
650 2499 847 2564 dissensione
870 2499 930 2562 hoc
953 2520 1053 2562 unum
1076 2503 1214 2580 apparet
1237 2497 1390 2562 Romanis
1406 2497 1484 2579 ipsis
1497 2496 1571 2560 iude
1584 2497 1625 2560 ab
1638 2497 1679 2560 iis
1691 2497 1892 2579 temporibus
1904 2518 2041 2580 quorum

386 2603 481 2685 primi
506 2605 637 2666 exstant
660 2601 699 2665 de
722 2601 782 2664 hac
805 2621 839 2665 re
863 2607 1024 2674 auctores,
1046 2602 1112 2664 uim
1137 2599 1332 2664 1991191999
1357 2601 1538 2664 obscuram.
1582 2598 1800 2676 Quamobrem
1824 2601 1972 2682 quaestio
1994 2599 2041 2664 ita

386 2703 588 2768 instituenda
611 2710 648 2768 ut
671 2723 866 2786 quaeramus
889 2703 1018 2785 qualern
1043 2703 1178 2767 Romani
1196 2723 1268 2767 curn
1291 2701 1509 2784 antiquissimi
1539 2709 1608 2764 tum
1631 2723 1670 2765 ea
1693 2709 1800 2766 aetate
1824 2722 1887 2783 quo
1910 2721 2039 2765 carmen

387 2806 513 2871 Saliare
548 2807 704 2888 scriptum
738 2813 788 2870 est
821 2805 937 2870 Ianum
971 2805 1089 2869 animis
1112 2805 1274 2868 finxerint.
1320 2803 1516 2886 l'ragmento
1540 2804 1599 2866 hoc
1623 2803 1775 2867 carminis
1798 2801 1933 2866 Saliaris
1957 2803 2042 2886 quod

385 2909 524 2990 primum
548 2909 639 2990 posui
662 2907 823 2972 adductus
845 2929 915 2972 sum
939 2915 975 2972 ut
998 2907 1098 2971 Ianus
1120 2906 1173 2970 Sol
1196 2912 1291 2987 esset,
1316 2907 1412 2988 quod,
1436 2911 1596 2986 quantum
1609 2905 1714 2986 uideo,
1728 2925 1790 2968 999
1804 2905 1876 2988 quit
1886 2905 1983 2968 aliter
1995 2907 2042 2968 in-

385 3009 507 3092 tellegi;
531 3009 691 3074 accedunt
715 3017 911 3092 argumenta
935 3031 998 3074 non
1023 3030 1136 3091 pauca3
1159 3008 1227 3072 alia
1251 3009 1395 3072 breuiter
1418 3009 1526 3088 attigi,
1550 3007 1616 3072 alia
1639 3028 1659 3071 a
1682 3006 1882 3070 Buttmauno
1906 3013 1939 3071 et
1951 3007 2041 3071 Prel-

385 3111 453 3176 lero
477 3111 566 3174 dicta
590 3119 677 3188 sunt,
701 3109 767 3172 alia
790 3111 851 3174 hac
874 3109 1095 3194 disputatione
1118 3129 1187 3172 sum
1216 3110 1397 3174 additurus.

472 3211 633 3276 Romanos
656 3212 742 3276 hunc
765 3211 862 3275 deum
885 3233 957 3276 cum
981 3211 1057 3276 Ioue
1080 3217 1114 3276 et
1137 3211 1243 3277 Marte
1266 3220 1397 3296 praetor
1420 3217 1545 3276 ceteros
1568 3233 1658 3276 suum
1684 3233 1811 3277 acuere
1824 3213 1963 3276 latinum
1976 3214 2042 3277 exi·

387 3316 535 3379 stimasse
557 3314 617 3378 hoc
640 3315 745 3396 ipsum
769 3314 917 3378 declarat
939 3313 1024 3409 quod
1048 3335 1136 3380 esses
1159 3315 1227 3380 eius
1250 3317 1357 3397 capite
1383 3317 1515 3380 bifronti
1529 3317 1713 3398 antiquitus
1735 3315 1866 3396 signare
1879 3314 2039 3380 solebant.

386 3417 503 3482 Graeci
526 3425 636 3482 autem
660 3439 731 3481 cum
756 3416 861 3481 multe
884 3417 1057 3488 commenti
1081 3423 1157 3482 sunt
1180 3425 1216 3482 ut
1239 3419 1335 3482 initia
1358 3419 1553 3500 religionum
1577 3418 1685 3502 populi
1710 3419 1834 3484 romani
1858 3419 2042 3483 humanita-

386 3521 494 3602 tisque
518 3541 635 3602 graece
657 3541 725 3584 esse
749 3519 950 3594 uiderentur,
975 3525 1043 3582 tum
1072 3519 1142 3584 leni
1156 3521 1313 3603 originem
1327 3522 1511 3605 quidamad
1525 3520 1695 3586 Graeciam
1709 3521 1902 3586 retulerunt.
1942 3521 2040 3586 Athe·

387 3643 486 3686 naeus
509 3621 566 3685 XV
592 3645 621 3704 p.
644 3624 705 3686 692
729 3621 766 3700 E3
789 3621 987 3686 Plutarchus
1008 3643 1079 3705 κεφ.
1103 3643 1233 3704 καταγρ.
1257 3626 1335 3706 pona
1361 3621 1457 3686 XXII
1481 3628 1514 3686 et
1537 3621 1641 3701 XLII3
1673 3641 1789 3704 graeco
1803 3623 2041 3688 auctoreSeru.

385 3725 427 3790 ad
453 3723 548 3806 Verg.
563 3723 641 3788 Aen.
657 3721 819 3788 v111357.
864 3723 969 3802 Quid?
992 3723 1077 3806 quod
1088 3721 1268 3790 Graeculus
1281 3727 1399 3809 aliquis
1412 3727 1497 3810 apud
1511 3735 1596 3790 auct.
1610 3727 1629 3788 l.
1643 3727 1683 3790 de
1695 3725 1783 3808 Orig.
1797 3727 1890 3792 Gent.
1904 3727 1993 3792 ltom.
2011 3730 2040 3791 2.

390 3831 399 3888 l
439 3847 511 3890 eum
536 3825 615 3889 lacit
637 3825 866 3889 Atheniensem
890 3831 1066 3906 natumque
1090 3823 1212 3890 Creusa
1235 3825 1410 3892 Erechthei
1433 3829 1520 3909 regis
1536 3828 1612 3892 filia.
1659 3828 1775 3912 Spreta
1798 3849 1836 3893 ac
1858 3831 1957 3894 missa
1980 3831 2041 3894 hac

384 3933 639 3992 commentorum
664 3927 809 3990 uanitate
832 3931 997 4010 sequimur
1021 3927 1128 4008 potius
1150 3927 1269 3992 famam
1293 3929 1430 4010 originis
1452 3929 1584 3992 latinae.
1630 3928 1712 3992 Erat
1734 3931 1819 3994 euim
1844 3929 2038 3995 famauetus

385 4037 418 4095 et
454 4029 634 4094 communis
656 4049 726 4091 eum
752 4027 850 4092 luisse
872 4029 1135 4110 antiquissimum
1158 4053 1266 4114 regem
1291 4032 1388 4111 Latii,
1411 4034 1497 4116 quod
1521 4033 1659 4097 tradunt
1680 4030 1817 4096 Ouidius
1840 4033 1918 4097 Fast
1940 4032 1956 4096 Ι
1979 4035 2037 4096 241

385 4153 455 4216 sqq3
491 4129 632 4196 Macrob.
667 4129 692 4194 l.
716 4133 743 4192 9.
769 4133 797 4208 23
821 4132 860 4195 18
883 4151 953 4214 sqq;
983 4133 1130 4218 Hyginus
1158 4135 1371 4199 Protarchum
1390 4134 1591 4200 Trallianum
1615 4141 1743 4198 secutus
1765 4155 1817 4216 ap.
1841 4133 1984 4198 Macrob.
2008 4135 2037 4198 S.

385 4234 412 4300 Ι.
440 4237 468 4296 7.
497 4233 542 4297 19:
566 4232 657 4297 Seru.
681 4231 723 4295 ad
740 4231 816 4295 Aen.
843 4231 932 4296 VIII.
956 4233 1032 4314 355;
1058 4239 1151 4299 huot.
1173 4235 1249 4318 Org.
1273 4235 1471 4302 Gentllom.
1499 4241 1524 4301 l.
1549 4237 1576 4298 3.
1593 4257 1671 4318 'sqq3
1695 4237 1723 4298 3.
1747 4239 1777 4316 73
1801 4237 1991 4300 Lactantius
2014 4237 2039 4300 l.

388 4337 426 4401 13
460 4359 489 4420 p.
517 4339 556 4398 11
581 4335 630 4398 ed.
653 4333 736 4418 ΒΨ,
759 4333 955 4400 Plutarchus
978 4335 1071 4401 Num.
1089 4359 1114 4400 c.
1135 4339 1173 4402 19
1196 4344 1279 4403 extr.
1299 4334 1411 4422 ῐ(19919
1424 4333 1531 4413 Ἰανὸς
1547 4329 1580 4396 ἐν
1595 4345 1668 4412 τοῖς
1684 4335 1772 4400 πάνυ
1788 4338 1959 4415 craterolo,
1971 4331 2040 4400 9199

384 4433 511 4516 δαίμων
526 4430 594 4499 εἴτε
608 4436 764 4516 βασιλεὺς
787 4436 954 4516 γενόμενος
971 4437 1144 4514 πολιτικὸς
1160 4437 1214 4501 καὶ
1231 4439 1418 4514 κοινωνικὸς
1433 4435 1467 4502 ἐκ
1482 4447 1544 4504 τοῦ
1559 4435 1813 4522 199919199καί
1826 4432 1941 4523 dypiou
1953 4439 2040 4520 λέγε-

385 4559 440 4598 ιιιι
463 4535 666 4616 μεταβαλεῖν
688 4536 745 4620 τὴν
766 4531 910 4598 δίαιταν.
946 4537 990 4602 Ut
1002 4537 1118 4604 Graeci
1130 4539 1289 4606 Graecum
1303 4543 1350 4605 ita
1363 4541 1456 4606 Tusci
1469 4540 1624 4605 uidentur
1637 4563 1709 4604 eum
1723 4541 1837 4607 fecisse
1851 4541 2000 4616 Tuscum,
2013 4541 2039 4606 91

385 4639 480 4704 modo
507 4638 609 4702 Anius
636 4639 691 4702 ille
715 4639 926 4704 Etruscorum
950 4661 1006 4704 rex
1030 4663 1081 4722 ap.
1105 4641 1391 4707 Pseudo-Plutrch.
1417 4644 1474 4706 uit.
1498 4641 1614 4723 parall.
1642 4643 1729 4708 bren.
1753 4643 1819 4723 XL,
1843 4643 1933 4708 cuius
1955 4649 2041 4708 esset

385 4741 475 4807 Salia
498 4741 574 4819 11119,
598 4741 697 4805 19999
720 4741 827 4808 dictus
850 4749 908 4806 est.
954 4743 1045 4820 Quod
1069 4746 1221 4826 quoniam
1244 4751 1293 4808 cst
1317 4745 1384 4808 ueri
1402 4743 1516 4815 simile,
1534 4767 1701 4810 aenomen
1715 4746 1845 4828 quidem
1859 4745 1931 4810 Iani
1947 4752 2039 4808 tusca

385 4847 510 4928 origine
544 4865 612 4909 esse
646 4851 762 4927 potest.
811 4843 890 4910 Cum
914 4847 998 4911 enim
1021 4845 1055 4910 G.
1079 4845 1113 4911 O.
1140 4846 1276 4911 llueller
1300 4847 1368 4910 Etr.
1394 4846 1445 4910 lll
1468 4869 1497 4930 p.
1521 4849 1561 4912 58
1584 4849 1838 4913 demonstrasset
1861 4867 2038 4912 sermonem

179 4999 184 5008 .
282 5004 288 5014 ,
386 4955 522 5025 tuscum,
546 4949 599 5011 cui
622 4947 773 5029 llittera
795 4949 930 5018 deesset,
954 4947 1130 5012 abhorrere
1153 4969 1172 5012 a
1195 4969 1273 5012 uoce
1297 4947 1377 5020 lani,
1403 4948 1526 5012 Deecke
1549 4949 1620 5013 Etr.
1644 4949 1773 5014 Eorsch.
1798 4948 1853 5012 lV.
1878 4951 1917 5011 21
1941 4951 2039 5013 (11999-

385 5051 462 5124 ruit,
490 5051 523 5113 in
546 5052 753 5114 mouu'mento
775 5071 870 5116 aereo
893 5050 961 5124 illo,
985 5046 1070 5131 quod
1095 5049 1212 5114 abhinc
1235 5050 1345 5114 decem
1369 5071 1471 5114 annos
1493 5050 1535 5114 ad
1558 5049 1760 5115 Placentiam
1785 5051 1955 5114 inuentum
1979 5059 2037 5124 991,

386 5157 479 5216 19999
512 5151 673 5216 uocabula
707 5152 769 5215 Ani
805 5157 837 5215 ct
862 5151 925 5217 Uni
948 5173 1017 5218 9999
1040 5151 1143 5216 191199
1167 5151 1281 5216 lanum
1305 5157 1339 5216 et
1360 5151 1524 5217 Iunonem.
1570 5151 1632 5217 Sed
1656 5155 1741 5218 euim
1765 5159 1815 5217 est
1838 5151 1878 5216 de
1901 5152 1960 5217 hoc
1984 5175 2038 5217 no·
