4694 6114
1159 553 1230 646 ἰε

382 746 525 812 Macrob.
551 749 619 814 19.
646 750 682 812 16
716 749 863 828 ”(Ιοοιιιο
886 749 1059 816 Iunonium
1082 749 1281 831 inuocamus)
1320 749 1414 832 quasi
1449 769 1509 812 uon
1532 745 1634 812 solum
1659 749 1777 813 mensis
1799 748 1958 831 Ianuarii,
1982 749 2038 814 sed

381 849 537 914 mensium
566 853 708 916 omniurn
737 855 903 935 ingressus
926 859 1104 930 tenerrtenr;
1132 852 1165 916 in
1192 853 1316 916 dicione
1339 857 1448 914 autem
1472 849 1605 914 Iunonis
1629 857 1704 916 sunt
1726 871 1835 915 ornnes
1859 850 2038 930 Kalendae,

381 954 521 1018 undeet
547 953 665 1018 Varro
688 955 790 1019 libro
818 956 952 1036 quinto
976 976 1103 1020 rerum
1127 953 1347 1018 diuinarum
1377 953 1490 1016 scribit
1512 951 1592 1016 Iano
1615 951 1784 1017 duodecim
1808 973 1883 1017 aras
1907 973 1965 1034 pro
1989 959 2037 1018 to·

381 1055 482 1121 tidem
508 1057 670 1121 mensibus
693 1057 862 1121 dedicatas
885 1057 982 1121 esse”.
1006 1057 1110 1121 Huius
1133 1057 1181 1120 rei
1204 1055 1364 1120 rationem
1388 1053 1504 1118 attulit
1527 1052 1722 1118 Plutarchus
1742 1053 1763 1118 l.
1787 1077 1812 1119 c.
1837 1077 1864 1119 c.
1887 1057 1928 1118 24
1951 1055 2037 1120 ”Am

380 1156 414 1223 τί
436 1163 527 1242 τρεῖς
549 1165 609 1222 τοῦ
631 1153 730 1243 μηνὸς
752 1153 853 1240 α’ρχδς
875 1156 929 1221 καὶ
955 1153 1170 1240 προθεσμίας
1202 1150 1332 1234 ἔχουσιν
1350 1148 1387 1218 οὐ
1410 1151 1510 1220 vaurd
1532 1153 1700 1240 διάστημα
1722 1161 1787 1217 τῶν
1808 1155 1935 1241 ἧμεριῦν
1957 1157 2038 1237 λαμ-

379 1258 563 1340 βάνονιες,·”
586 1297 627 1306 --
650 1299 690 1307 -
713 1258 765 1322 δτι
790 1265 868 1336 ταῖς
893 1267 951 1343 τῆς
978 1257 1109 1344 σελήνης
1135 1259 1315 1342 διαφοραῖς
1348 1253 1509 1340 ὁρίζοντες
1536 1255 1592 1319 ιδν
1617 1255 1741 1341 χρόνον,
1765 1253 1871 1343 ἑώρων
1892 1254 1926 1320 ἐν
1948 1257 2035 1342 τρισὶ

379 1361 549 1446 γινομένην
571 1361 752 1444 διαφοραῖς
774 1367 832 1446 τῆν
854 1360 988 1446 σελήνην
1010 1361 1095 1424 κατὰ
1127 1369 1214 1445 μῆνα
1239 1367 1317 1434 ταις
1343 1351 1527 1442 μεγίστοις·
1562 1355 1755 1445 πρώτημὲν
1781 1357 1833 1423 ὅτι
1856 1359 2034 1444 κρύπτεται

381 1457 536 1524 σύνοδον
559 1459 805 1548 ποιησαμένη
829 1459 923 1543 πρὸς
946 1457 1149 1546 littoraria
1177 1463 1262 1528 Item
1287 1463 1431 1528 Roscber
1455 1463 1516 1528 lex.
1540 1485 1570 1546 p.
1598 1463 1681 1527 2098
1707 1463 1851 1528 ostendit
1875 1463 2038 1528 Kalendas

380 1585 450 1629 esse
473 1565 550 1630 solis
573 1571 606 1628 et
628 1564 725 1630 lunae
740 1561 885 1629 σύνοδον,
931 1565 1050 1631 Ianus
1074 1565 1260 1632 Iunonius
1282 1587 1371 1648 ergo
1395 1572 1452 1628 est
1475 1563 1547 1630 Sol.

465 1667 537 1731 Iam
560 1669 640 1731 satis
663 1668 815 1732 attulisse
838 1667 952 1732 uideor
974 1690 1031 1732 cur
1054 1669 1235 1750 putandum
1258 1669 1301 1731 sit
1328 1667 1444 1732 Ianum
1469 1669 1574 1750 primo
1598 1667 1696 1732 luisse
1719 1665 1835 1731 Solem.
1881 1667 1970 1732 Haec
1989 1675 2035 1731 ta·
2128 1669 2132 1674 ’

332 1751 335 1759 ’
381 1791 453 1835 meu
476 1770 516 1834 de
538 1791 575 1834 eo
597 1771 705 1851 opinio
728 1769 803 1834 inde
826 1792 845 1834 a
868 1781 1012 1852 tempore
1036 1773 1116 1836 satis
1139 1772 1275 1852 antiqno
1298 1791 1337 1835 ex
1360 1771 1478 1834 animis
1502 1769 1663 1834 hominum
1687 1767 1825 1832 effluxit.
1860 1767 1902 1831 Fa
1925 1789 2035 1850 quem-

381 1872 554 1938 admodum
580 1873 749 1946 uocabula,
773 1894 845 1936 cum
873 1894 976 1937 nouae
1010 1873 1264 1956 significationes
1296 1877 1501 1936 accesserunt
1533 1871 1864 1953 praeualuernntque‚
1888 1872 1956 1936 loco
1979 1891 2037 1934 suo

381 1995 418 2038 ac
441 1973 515 2036 sede
539 1993 578 2036 aa
600 1973 631 2034 in
656 1993 721 2054 qua
743 1973 882 2054 primum
907 1983 1002 2037 erant
1024 1974 1192 2048 collocata,
1215 1973 1390 2057 paullatim
1426 1981 1608 2048 mouentur,
1642 1975 1688 2036 sic
1711 1971 1791 2038 Iano
1814 1973 1947 2037 uidetur
1969 1993 2038 2037 esse

380 2077 513 2146 factum,
537 2081 574 2138 nt
597 2074 792 2139 secundaria
814 2097 851 2138 ac
874 2077 1030 2158 specialia
1053 2075 1213 2156 quaedam
1238 2074 1449 2157 principalem
1474 2075 1539 2138 uim
1564 2074 1788 2139 obscurarent.
1834 2073 1926 2140 Adde
1949 2076 2035 2156 quod

381 2177 481 2242 Ianus
503 2177 627 2260 pariter
648 2183 747 2258 atique
770 2175 828 2240 alii
850 2176 883 2240 di
908 2181 1034 2242 ueteres
1067 2189 1100 2242 et
1133 2177 1259 2240 romani
1294 2197 1444 2260 magnam
1479 2183 1605 2259 partem
1641 2179 1813 2260 potestatis
1836 2199 1952 2258 graeco
1975 2177 2035 2242 deo

380 2280 487 2345 cessit.
531 2277 614 2343 Nam
638 2277 754 2360 Apollo
777 2278 851 2342 inde
884 2277 926 2342 ab
961 2277 1157 2342 Hannibalis
1190 2277 1322 2358 quidem
1358 2277 1452 2354 bello,
1486 2299 1558 2341 cum
1582 2277 1717 2342 Romani
1741 2285 1945 2360 praesentem
1969 2279 2038 2342 eius

382 2403 476 2464 opem
499 2388 652 2462 expertos
675 2401 742 2445 esse
766 2399 834 2444 sese
858 2379 1037 2456 crederent
1072 2380 1159 2462 apud
1192 2380 1352 2444 Romanoa
1385 2385 1418 2442 et
1451 2380 1648 2443 auctoritate
1675 2385 1708 2442 et
1734 2380 1895 2462 dignitate
1920 2401 2038 2460 magua

379 2481 501 2547 floruit.
547 2481 589 2545 Et
617 2481 759 2564 Apollini
786 2479 911 2564 Ἤλιος,
946 2481 1026 2546 Iano
1060 2481 1123 2560 Sol,
1158 2485 1252 2563 quasi
1285 2481 1424 2546 alterum
1452 2503 1490 2545 ac
1518 2503 1638 2546 nouum
1667 2504 1794 2554 numen,
1823 2484 1954 2546 additus
1976 2491 2036 2546 est.

381 2583 442 2648 Sed
466 2585 711 2666 quibuscunque
735 2585 841 2648 causis
863 2583 986 2650 factum
1009 2591 1066 2662 est,
1099 2592 1256 2665 quantam
1291 2584 1325 2648 in
1359 2581 1592 2648 obscuritatem
1619 2605 1735 2650 numen
1760 2584 1829 2648 Iani
1853 2591 2035 2667 temporum

381 2687 519 2752 decursu
542 2689 585 2752 sit
607 2686 784 2752 deductum
820 2687 937 2751 indicio
972 2694 1022 2751 est
1055 2686 1231 2751 multitudo
1265 2687 1587 2766 interpretationum
1622 2686 1721 2750 aliter
1754 2685 1893 2770 exempli
1922 2708 2037 2752 caussa

381 2789 578 2854 Plutarchus
599 2809 672 2872 κεφ.
694 2811 825 2871 καταγρ.
849 2791 928 2870 ῥωμ.
952 2811 976 2854 c.
1002 2793 1057 2868 413
1081 2789 1179 2854 aliter
1203 2789 1335 2866 Seruius
1358 2789 1398 2852 ad
1423 2788 1449 2851 l.
1473 2789 1549 2866 2953
1575 2786 1648 2852 VII.
1672 2789 1744 2863 607,
1768 2789 1843 2867 610;
1868 2787 1944 2852 XII.
1960 2789 2037 2866 1983

380 2892 477 2958 aliter
502 2893 702 2974 Augustinus
725 2888 759 2952 C.
784 2891 820 2954 D.
848 2890 909 2954 VII
933 2913 959 2954 c.
983 2893 1012 2955 8.
1057 2892 1199 2956 Maxime
1227 2913 1304 2956 uero
1328 2891 1387 2956 lroc
1408 2891 1557 2956 declarat
1579 2891 1666 2973 quod
1691 2891 1805 2970 Varro,
1835 2891 1930 2955 borno
1953 2893 2037 2956 anti·

380 2995 517 3077 quitatis
540 3013 692 3059 romanae
713 2994 938 3075 peritissimus.
967 2992 1082 3058 Ianum
1105 2993 1237 3058 Caelum
1272 2985 1508 3076 interpretatus
1532 2999 1592 3056 cst.
1641 2992 1700 3056 Hic
1724 2993 1825 3074 igitur
1848 2991 2037 3058 deuenimus

381 3097 423 3160 ad
446 3097 667 3180 quaestionem
691 3095 925 3178 perdifficilem.
964 3095 1144 3160 Secundum
1169 3115 1313 3178 eaquae
1337 3097 1482 3178 exposita
1506 3103 1581 3159 sunt
1603 3095 1685 3158 hanc
1707 3097 1927 3175 quaestionem
1953 3119 2037 3164 nunc

380 3201 425 3262 sic
447 3219 567 3281 ponere
590 3197 678 3261 licat:
704 3201 813 3260 utrum
837 3195 940 3262 Ianus
963 3199 1122 3280 principio
1146 3203 1273 3262 tantum
1297 3197 1351 3262 Sol
1380 3197 1490 3272 inerit,
1517 3219 1557 3261 an
1581 3199 1683 3262 etiam
1705 3195 1835 3262 Caelus.
1880 3197 1914 3263 Si
1937 3201 2036 3264 etiam

380 3299 508 3372 Caelus,
534 3299 636 3364 Varro
658 3321 730 3363 cum
756 3321 853 3364 nuum
875 3300 909 3363 id
934 3300 1069 3373 uideret,
1093 3307 1202 3366 tamen
1226 3301 1375 3384 opinione
1399 3322 1462 3364 non
1486 3301 1616 3364 omnino
1639 3299 1794 3382 deceptus
1818 3307 1876 3365 est.

465 3403 550 3468 Huic
572 3403 754 3486 quaestioni
779 3401 836 3467 illa
859 3403 1033 3468 coniuncta
1056 3409 1106 3468 est
1128 3403 1207 3485 qnid
1241 3401 1426 3486 significent
1459 3402 1607 3484 geminae
1641 3409 1754 3483 portae
1777 3401 1849 3466 lani
1874 3409 1907 3468 et
1929 3405 2036 3487 imago

382 3503 515 3570 bifrons.

465 3607 619 3672 Bifrontis
652 3609 755 3690 igitur
787 3607 858 3672 Iani
883 3609 1070 3673 memoriam
1099 3607 1174 3672 inde
1197 3629 1217 3671 a
1241 3606 1365 3672 Numae
1387 3611 1495 3671 aetate
1519 3608 1622 3688 repeti
1646 3607 1797 3689 uidimus,
1821 3607 2036 3685 Quadrifrons

380 3709 518 3774 Faleriis
542 3709 676 3774 llomam
701 3711 790 3774 neuit
824 3710 955 3775 circiter
989 3699 1107 3774 anunm
1142 3733 1172 3774 u.
1207 3707 1396 3774 CGOCLXI.
1443 3707 1503 3772 llic
1538 3709 1637 3774 lanus
1671 3711 1798 3791 origine
1821 3719 1914 3776 tusca
1936 3712 2036 3778 fuerit

380 3833 479 3878 necne
501 3811 697 3894 ambigitur;
725 3811 879 3890 Falerios,
903 3833 1100 3894 quamquam
1124 3812 1179 3876 diu
1203 3812 1335 3876 fuerunt
1357 3812 1417 3876 sub
1440 3812 1575 3893 imperio
1598 3813 1820 3890 Etruscorum,
1844 3819 2035 3886 tamennon

380 3919 466 4000 ipsos
500 3915 654 3980 Etruscos
687 3915 786 3980 fnisse
809 3917 889 3979 satis
911 3923 1049 3997 apparet
1071 3937 1112 3980 ex
1136 3935 1291 3982 sermone.
1315 3913 1381 3978 Nec
1405 3935 1482 3978 uero
1504 3913 1587 3976 illud
1610 3921 1659 3978 est
1681 3921 1790 3978 tuscae
1813 3917 1948 3998 originis
1971 3917 2035 3998 aig·

380 4039 455 4082 num
479 4017 565 4100 quod
590 4015 623 4082 G.
647 4017 682 4080 O.
708 4017 844 4082 Mueller
866 4023 899 4081 et
924 4017 1049 4081 Deeclre
1072 4016 1246 4080 secundum
1277 4015 1432 4080 Varronis
1454 4016 1757 4098 interpretationem
1781 4016 1895 4082 dicunt
1918 4017 2034 4082 Ianum

380 4119 646 4196 Quadrifrontem
669 4119 853 4200 significare
879 4125 1035 4202 quattuor
1057 4125 1168 4202 partes
1203 4117 1331 4195 mundi;
1365 4115 1451 4197 quod
1487 4139 1549 4180 non
1572 4123 1640 4182 tam
1663 4123 1756 4180 tusca
1778 4138 1876 4199 qnam
1899 4139 2034 4183 romana

380 4229 460 4303 erat,
484 4222 510 4286 si
533 4220 680 4286 Ciceroni
703 4221 743 4285 de
766 4221 867 4286 diuin.
891 4221 926 4284 Π
949 4221 968 4304 ξ
991 4223 1030 4285 42
1055 4220 1225 4295 credimus,
1248 4219 1365 4284 diuisio
1389 4218 1501 4301 templi
1525 4217 1776 4301 quadripertita.
1807 4219 1900 4297 Quod
1923 4229 2033 4284 antem

380 4323 485 4389 Varro
508 4327 663 4406 posuerat
688 4321 862 4388 bifrontem
885 4321 1000 4386 lanum
1025 4323 1150 4410 caelum
1175 4322 1376 4405 bipertitum,
1400 4322 1661 4402 quadrifrontem
1678 4321 1954 4404 quadripertitum
1972 4325 2034 4406 sig·

381 4426 521 4508 nificare,
555 4433 669 4490 contra
702 4423 735 4489 id
769 4426 975 4507 Augustinus
1001 4425 1035 4489 C.
1060 4427 1096 4490 D.
1121 4423 1195 4490 VII.
1219 4446 1245 4490 c.
1270 4427 1298 4490 8.
1322 4423 1464 4490 ostendit
1486 4445 1541 4487 eas
1563 4421 1742 4486 diuisiones
1765 4445 1784 4488 a
1807 4424 1955 4489 sensibus
1978 4445 2033 4488 no·

379 4527 456 4590 stris
479 4548 547 4591 csse
570 4532 710 4592 remotas
733 4531 833 4608 atque
856 4525 937 4592 adeo
961 4527 1106 4593 licticias.
1147 4528 1228 4592 Inde
1251 4528 1306 4592 uix
1331 4528 1440 4610 potuit
1463 4525 1624 4588 mentibus
1648 4525 1813 4590 hominum
1837 4527 1948 4590 datum
1966 4547 2033 4591 esse

380 4628 573 4711 principium
596 4626 670 4690 Iaui
693 4628 833 4691 numinis
859 4629 1068 4711 concipiendi.
1113 4629 1234 4706 Quodsi
1262 4651 1300 4694 ea
1328 4631 1442 4694 luisset
1465 4628 1538 4692 Iani
1560 4629 1663 4710 origo,
1687 4631 1842 4711 antiquus
1875 4629 1929 4694 ille
1953 4630 2033 4696 deus

380 4729 489 4813 populi
513 4729 648 4802 romani,
672 4731 724 4793 cui
747 4731 889 4794 omnium
913 4751 1022 4794 rarum
1048 4732 1142 4795 initia
1163 4737 1270 4795 essent
1293 4733 1471 4813 assignata,
1495 4731 1575 4794 nibil
1599 4729 1689 4794 aliud
1712 4729 1827 4794 fuisset
1849 4751 1947 4813 quam
1966 4727 2035 4795 effi-

381 4834 450 4912 gies
472 4829 664 4910 discipliuae
686 4830 855 4914 auguralis
879 4831 966 4896 illius
990 4839 1055 4896 tarn
1080 4831 1252 4896 abstrusae
1280 4839 1413 4914 tamque
1446 4833 1559 4914 paucis
1582 4833 1739 4913 cognitae.
1784 4833 1876 4909 Quod
1900 4837 2035 4898 nonest

381 4932 586 4998 uerisimile.
632 4931 693 4996 Sed
718 4939 826 4997 tamen
849 4931 973 5016 aliquid
998 4935 1066 4998 ueri
1091 4935 1272 5000 iuratione
1296 4935 1451 4999 Varronis
1475 4935 1607 5000 uidetur
1634 4936 1772 5001 subesse.
1817 4936 1910 5002 Nunc
1933 4937 2035 5018 igitur

382 5036 473 5100 nobis
499 5035 700 5118 propositum
725 5041 775 5100 cst
798 5041 835 5098 ut
858 5036 1116 5102 demonstremus
1138 5037 1209 5102 lani
1233 5057 1348 5102 numen
1379 5059 1439 5102 uon
1464 5059 1533 5103 esse
1562 5039 1693 5102 ductum
1717 5060 1757 5104 ex
1782 5037 1953 5120 disciplina
1976 5059 2033 5101 au·

382 5138 500 5224 gurali,
523 5138 578 5203 sed
601 5159 640 5204 ea
663 5138 751 5203 inter
773 5159 808 5202 se
831 5143 939 5204 tamen
962 5139 1145 5212 cohaerere,
1167 5145 1201 5203 et
1224 5139 1295 5204 lani
1319 5138 1371 5204 uel
1389 5140 1540 5204 bifrontis
1551 5139 1603 5206 uel
1621 5140 1859 5222 quadrifrontis
1874 5140 2033 5222 originem
