4694 6114
1114 601 1155 664 19

298 778 412 844 dubito
435 799 477 844 an
500 798 562 843 nou
590 777 633 840 sit
655 774 767 840 uerius
788 777 938 840 austrum
961 791 1011 854 ap.
1035 767 1394 846 Prisciauum1.39.10,
1411 768 1958 858 quodGraecidicebantlicupmv,

300 881 441 947 retinere
465 901 563 963 quam
586 883 718 944 auctore
740 876 874 942 Haueto
896 873 982 940 MSL
1004 874 1050 940 IV
1073 873 1136 936 233
1159 875 1300 939 auetium
1324 895 1383 957 pro
1405 896 1443 940 eo
1466 873 1584 958 legere.
1629 875 1744 940 Umbri
1760 881 1870 942 autem
1886 897 1959 942 oum

299 1005 317 1048 o
340 1004 398 1068 pro
421 1003 464 1047 au
486 986 643 1065 ponerent
666 978 847 1044 nonmodo
870 977 1022 1043 similiter
1044 997 1082 1042 ao
1105 976 1221 1042 rustici
1242 977 1339 1042 latini
1361 977 1472 1043 Plotos
1493 977 1577 1043 Fest.
1602 977 1673 1058 238,
1696 978 1752 1045 sed
1775 979 1874 1045 etiam
1894 985 1958 1056 ote,

299 1091 382 1162 toru,
407 1107 437 1151 u.
461 1083 596 1150 Corssen
619 1083 645 1146 Ι.
669 1084 728 1146 661
754 1081 933 1148 Buecheler
957 1079 1102 1145 Umbrio.
1127 1080 1195 1156 180,
1215 1085 1326 1144 utrum
1343 1079 1520 1163 simplicem
1536 1100 1647 1146 uocem
1662 1102 1704 1145 an
1719 1080 1958 1164 diphthongum

275 1175 442 1252 'dixerint
475 1187 598 1268 ignoro.
643 1184 692 1248 Ea
725 1205 804 1250 ucro
837 1184 1018 1248 mutatione
1052 1203 1151 1264 quam
1179 1183 1295 1249 attulit
1326 1183 1525 1266 praepositio
1549 1189 1629 1247 nata
1650 1188 1701 1248 est
1723 1183 1860 1267 simplex
1883 1207 1958 1264 uox,

298 1310 369 1354 cum
393 1288 518 1370 aliquid
540 1287 692 1371 ponderis
714 1288 747 1351 in
770 1287 1042 1370 praepositionem
1069 1293 1154 1350 esset
1177 1287 1368 1352 inclinatum
1395 1284 1644 1366 detractumque
1671 1283 1710 1350 de
1732 1291 1827 1368 parte
1850 1291 1958 1370 poste·

298 1392 398 1456 riore:
434 1389 544 1454 lautus
577 1387 699 1454 inlotus
732 1387 853 1470 plaudo
886 1387 1044 1470 supplodo
1067 1387 1183 1453 claudo
1206 1385 1355 1464 ocolud0;
1382 1385 1421 1452 cf.
1449 1385 1544 1450 laedo
1566 1384 1666 1458 illido,
1690 1407 1793 1468 poena
1811 1376 1956 1471 impune.

298 1491 366 1557 Hoc
388 1491 491 1574 igitur
513 1490 689 1556 diuersum.

384 1593 420 1658 V.
447 1595 474 1656 l.
497 1592 695 1668 Adoriese,
722 1591 810 1672 quod
838 1591 978 1656 Varroni
1001 1589 1065 1656 suit
1085 1589 1272 1674 exemplum
1296 1611 1310 1653 s
1333 1589 1464 1654 litterae
1486 1609 1545 1671 pro
1568 1608 1586 1650 r
1608 1588 1650 1653 ab
1672 1589 1817 1673 antiquis
1839 1589 1957 1663 dietae,

297 1697 315 1757 2
339 1717 370 1778 p.
394 1715 440 1778 sg.
465 1693 542 1776 imp.
566 1713 682 1775 praes,
705 1697 779 1776 post
801 1692 968 1771 adonira,
1002 1692 1044 1758 ah
1067 1692 1255 1775 adoriendo,
1278 1691 1312 1756 id
1334 1697 1385 1758 est
1407 1691 1541 1770 inuade;
1564 1691 1621 1770 ita,
1644 1691 1751 1770 oredo,
1774 1693 1896 1758 dictum
1920 1701 1958 1759 ut

166 1859 170 1866 ,
297 1793 423 1860 oriendi
456 1797 506 1858 uis
539 1796 570 1858 iu
605 1795 668 1859 hac
694 1793 829 1859 orientis
857 1793 934 1858 solis
957 1793 1011 1858 uel
1034 1791 1106 1858 lani
1128 1795 1232 1876 patris
1254 1792 1409 1860 Matutini
1433 1793 1628 1858 salutatione
1653 1815 1717 1859 uon
1739 1779 1842 1860 omnis
1865 1795 1956 1861 tolle·

297 1904 399 1962 retur.
435 1896 581 1969 Donatus
603 1895 733 1978 quidem
757 1894 798 1959 ad
822 1894 892 1959 Ter.
916 1895 975 1960 Ad.
1000 1894 1052 1959 ΙΙΙ
1076 1895 1105 1958 3.
1129 1897 1158 1958 b.
1182 1895 1266 1960 bane
1292 1875 1506 1980 principalem
1534 1895 1599 1960 uim
1622 1896 1786 1978 siguificat
1810 1898 1860 1962 his
1882 1920 1955 1963 uer-

298 2001 360 2065 bis:
384 1999 523 2065 ”adoriri
546 2005 596 2063 est
618 1999 712 2082 quasi
735 1997 776 2063 nd
800 1997 941 2079 aliquem
965 2000 1056 2075 oriri,
1078 1998 1113 2064 id
1136 2005 1196 2076 est,
1218 2001 1421 2081 exsurgere'’.
1455 1997 1564 2063 Primo
1580 1997 1703 2062 dictum
1719 2005 1770 2064 est
1784 1999 1956 2066 *adorie-

296 2123 345 2181 so,
368 2107 440 2184 post
462 2100 670 2178 adoris-se,
692 2107 763 2164 tum
786 2099 972 2178 *adorisa
995 2107 1158 2184 postremo
1179 2101 1345 2167 adorire.
1367 2138 1410 2150 —
1432 2119 1558 2167 so-oo
1581 2103 1610 2165 2.
1633 2123 1663 2186 p.
1687 2121 1732 2184 eg.
1757 2103 1833 2186 imp.
1856 2103 1954 2168 medii

296 2203 423 2288 Speijer
456 2201 541 2268 MSL
577 2203 602 2267 V
639 2203 712 2282 188;
747 2203 825 2268 item
853 2203 993 2270 conferri
1025 2209 1155 2287 oportet
1188 2204 1285 2269 Zend.
1320 2203 1389 2280 -ba,
1423 2202 1512 2286 goth.
1546 2223 1608 2266 -za
1654 2199 1780 2287 Speijer
1812 2203 1955 2268 ostendit

296 2328 349 2371 -so
385 2305 508 2370 factum
542 2324 611 2370 esse
643 2325 705 2382 -se,
737 2309 775 2369 ut
808 2304 930 2388 *epse
976 2306 1066 2390 ipse.
1122 2306 1161 2370 ln
1198 2306 1299 2372 eliam
1331 2305 1527 2370 sententiam
1565 2303 1652 2370 Stolz
1690 2303 1781 2368 stud.
1816 2305 1953 2370 Vindob.

295 2407 352 2472 IX.
376 2410 395 2472 2
418 2430 447 2491 p.
471 2407 532 2472 302
556 2427 626 2490 sqq.
650 2407 832 2490 disputans,
844 2409 945 2472 etiam
967 2409 1128 2474 secundae
1150 2429 1306 2492 personae
1329 2405 1591 2472 terminationem
1614 2411 1692 2470 nota
1714 2406 1838 2488 passini
1853 2427 1870 2470 r
1885 2426 1954 2471 esse

295 2510 486 2592 impressam
519 2507 697 2573 contendit.
742 2507 834 2585 Quod
868 2510 947 2574 mihi
981 2531 1072 2576 secus
1104 2511 1250 2590 uidetur3
1283 2533 1315 2575 ·r
1349 2511 1431 2574 enim
1466 2514 1500 2574 et
1522 2530 1552 2586 -1
1578 2507 1692 2592 (-ur)
1714 2507 1819 2573 latina
1841 2507 1954 2592 lingua

294 2611 353 2675 illa
386 2615 465 2675 nota
498 2610 619 2692 passini
653 2610 769 2681 utitur,
810 2633 873 2676 non
905 2634 974 2678 ·re.
1019 2612 1062 2677 Et
1088 2619 1339 2678 consentaneum
1367 2610 1429 2676 suit
1452 2609 1622 2690 antiquam
1645 2613 1679 2674 et
1700 2608 1871 2674 medialem
1894 2611 1953 2674 im-

294 2712 437 2796 pera-tini
467 2711 728 2775 terminationem
762 2713 906 2788 retineri,
934 2716 1127 2798 praesertim
1155 2715 1314 2781 secundae
1337 2732 1504 2796 personae,
1527 2711 1583 2776 ubi
1606 2710 1755 2776 medialis
1777 2711 1845 2776 fere
1867 2717 1954 2777 esset

294 2813 498 2896 significatio,
522 2833 585 2876 non
610 2813 750 2894 passina.
796 2811 897 2878 Nulla
919 2815 1050 2898 quidem
1073 2819 1106 2882 in
1129 2818 1189 2882 boc
1211 2837 1328 2902 genere
1343 2815 1475 2900 passius
1490 2813 1611 2892 inueni,
1627 2811 1731 2876 multa
1747 2811 1952 2896 deponentia.

293 2915 314 2978 i.
348 2936 376 2979 e.
410 2911 542 2978 mediali
575 2913 828 2997 significatione;
862 2917 918 2982 sed
951 2920 1065 3002 paucis
1093 2920 1250 3004 exemplis
1272 2941 1325 2986 res
1346 2921 1454 3003 potest
1476 2914 1613 2981 absolui.
1658 2915 1704 2981 Ao
1726 2917 1866 2998 primum
1888 2937 1952 2981 non

294 3015 471 3081 thematica
495 3011 610 3078 affero:
634 3013 735 3079 *la-so
757 3013 856 3082 *fa-se
879 3017 979 3096 sa·re;
1003 3017 1043 3084 cf.
1066 3013 1135 3103 φάο
1158 3020 1263 3100 Hom,
1285 3021 1417 3099 toruum
1441 3019 1591 3101 deinceps
1613 3018 1804 3084 thematioa:
1822 3017 1951 3100 ‘seque-

294 3139 328 3182 so
350 3116 516 3200 *seque-se
539 3135 684 3199 sequere,
707 3115 802 3180 Hom.
826 3112 914 3201 ἕπευ,
937 3120 1029 3186 Pind.
1053 3118 1224 3202 narcetem
1247 3121 1427 3188 *laiseis-so
1450 3119 1630 3186 *laitaie-se
1649 3119 1784 3202 laetare,
1801 3119 1952 3185 similiter

294 3219 395 3285 Dores
428 3217 553 3280 ‘duaco
586 3215 688 3298 sidem
710 3219 792 3284 oscis
814 3219 1014 3304 quibusdam
1036 3224 1191 3290 thematis
1212 3223 1336 3290 uocalis
1358 3228 1468 3288 exstat
1489 3223 1712 3307 praesentium
1735 3221 1951 3288 declinatione

292 3326 440 3387 seruata:
475 3319 643 3385 sakabiter
676 3321 758 3385 etait
790 3323 889 3389 staiet
922 3327 1048 3390 stabint
1070 3346 1175 3410 praes.
1199 3326 1264 3392 iud.
1288 3325 1400 3408 Bngge
1424 3323 1517 3388 Stnd.
1542 3323 1616 3389 Ital.
1640 3346 1669 3407 p.
1695 3327 1744 3388 ol.
1782 3323 1951 3390 *Vereieeo

293 3421 369 3501 '-se‚
402 3433 524 3501 verere,
551 3421 702 3486 similiter
729 3427 838 3506 graeci
861 3421 1026 3492 *αἱδείεσο
1049 3423 1158 3492 αἰδεῖο
1181 3427 1212 3490 Ω
1235 3429 1311 3508 503ς
1333 3427 1453 3493 *tuisse
1476 3427 1541 3491 *se
1564 3429 1656 3490 tuere
1678 3425 1806 3492 Lucret.
1831 3426 1950 3507 v318;

293 3525 332 3592 de
356 3526 416 3590 hoc
438 3524 584 3590 themate
607 3525 678 3608 agit
705 3523 794 3591 (lurt.
818 3527 858 3592 de
880 3529 981 3596 uerbo
1004 3531 1035 3594 1²
1059 3532 1136 3610 3653
1159 3533 1187 3596 is
1209 3531 1336 3597 confert
1359 3527 1478 3592 Herod.
1502 3525 1517 3589 l
1540 3529 1601 3590 456
1623 3522 1763 3604 μεθυίω.

376 3627 487 3693 Orior
506 3629 630 3693 oreris
644 3627 766 3694 dicitur
781 3629 996 3698 declinatione
1012 3655 1051 3698 ex
1069 3633 1196 3699 duabus
1214 3632 1371 3716 stirpibus
1385 3633 1469 3694 orio-
1485 3633 1518 3693 et
1533 3630 1604 3692 orb·
1624 3627 1855 3708 contaminata
1871 3629 1948 3695 item

292 3735 378 3798 orior
394 3731 467 3795 iris
489 3751 529 3796 ex
552 3728 681 3795 duabus
696 3731 854 3814 stirpibus
868 3739 948 3800 orio·
965 3741 1047 3801 orie·
1064 3741 1097 3801 et
1111 3739 1206 3813 orio,
1222 3739 1317 3812 orie-3
1334 3736 1392 3798 ie·
1409 3730 1492 3795 enim
1511 3729 1636 3814 pariter
1652 3735 1751 3811 atque
1767 3737 1826 3794 ·ie·
1842 3732 1949 3814 prisco

292 3855 380 3900 more
412 3833 536 3898 fuctum
570 3839 619 3897 est
652 3853 778 3916 semper
804 3841 854 3898 -ῑ-.
899 3834 984 3902 Nam
1011 3859 1083 3921 gen.
1107 3858 1154 3918 sg.
1179 3839 1198 3902 3
1221 3837 1338 3904 declin.
1362 3838 1405 3898 -is
1427 3838 1476 3898 est
1500 3853 1562 3896 non
1585 3831 1626 3896 ab
1650 3835 1723 3909 -ios,
1746 3831 1802 3898 sed
1825 3833 1866 3898 ab
1889 3835 1947 3917 ·‘e³s,

291 3935 377 4019 quod
410 3940 520 4000 exstat
552 3936 586 3998 io
608 3937 824 4002 monumentis
847 3958 909 4004 seo.
934 3939 971 4004 V.
995 3947 1028 4005 et
1052 3940 1118 4022 Vl.;
1141 3940 1227 4018 aliis,
1250 3939 1340 4023 goth.
1364 3936 1448 4020 aljis,
1472 3933 1573 3999 latine
1594 3934 1628 3997 in
1653 3955 1683 3997 u.
1709 3932 1876 4001 Naeuiano
1898 3957 1949 4020 ap.

291 4037 324 4100 P.
360 4036 445 4102 Fest.
479 4037 537 4100 271
575 4041 624 4101 est
647 4036 717 4113 alis,
740 4037 774 4101 id
801 4039 947 4120 postulat
973 4048 1128 4120 metrum;
1154 4039 1235 4107 'alis'
1258 4061 1310 4123 ap.
1333 4035 1512 4112 Catullum,
1534 4035 1574 4100 de
1597 4056 1661 4118 qno
1685 4057 1715 4101 u.
1740 4035 1831 4100 Alex.
1855 4036 1949 4102 Riese

291 4138 435 4220 prolegg.
471 4157 500 4217 p.
535 4133 672 4215 xxvii,
706 4136 854 4202 ultimam
888 4141 1027 4222 coripiat
1059 4162 1101 4206 an
1127 4141 1296 4224 producat,
1331 4161 1393 4206 non
1418 4140 1489 4221 quit
1512 4137 1650 4204 decerni.
1695 4137 1803 4204 Obicis
1825 4139 1949 4204 obicem

290 4237 390 4303 obicit
412 4236 566 4302 dicuntur
587 4239 765 4318 posteriore
788 4259 866 4305 uoce
889 4261 992 4324 esque
1014 4241 1209 4320 fluctuante3
1232 4263 1284 4324 ap.
1308 4246 1419 4323 poetas
1441 4239 1571 4323 quidem
1595 4245 1689 4304 sonat
1713 4247 1745 4304 et
1767 4239 1868 4306 obicit
1883 4240 1903 4302 i.
1921 4262 1947 4306 e.

290 4339 404 4405 obiicit
439 4346 472 4404 et
504 4337 618 4417 ‹ibicit3
653 4337 692 4404 de
726 4360 792 4422 qua
813 4364 848 4407 re
882 4343 1031 4426 disputat
1053 4341 1178 4409 Gellius
1200 4343 1257 4410 IV.
1279 4365 1305 4408 c.
1332 4346 1378 4406 ll.
1424 4341 1471 4406 Dc
1499 4343 1624 4416 ceteris,
1648 4363 1783 4424 qnorum
1808 4341 1868 4405 -ie·
1890 4363 1949 4426 per

292 4441 545 4506 contractionem
577 4447 599 4518 ῑ,
627 4461 691 4506 non
715 4445 740 4524 i‘,
768 4441 858 4519 lacit,
892 4465 924 4508 u.
947 4445 1156 4530 Thurneyeeu
1178 4444 1218 4510 de
1240 4443 1330 4511 uerb.
1354 4446 1387 4509 in
1410 4443 1441 4510 io
1464 4465 1495 4528 p.
1518 4447 1558 4507 45
1581 4465 1628 4526 sq.
1655 4441 1785 4507 -Iam
1809 4465 1886 4509 nero
1909 4466 1948 4509 ne

291 4543 363 4624 quis
386 4543 431 4606 sic
453 4541 651 4606 metiendum
676 4563 744 4607 esse
767 4549 898 4609 censeat
921 4543 1109 4628 *adoris-se,
1133 4567 1205 4611 cum
1230 4551 1350 4629 quarta
1373 4547 1559 4631 coniugatio
1582 4546 1805 4611 contaminata
1827 4551 1860 4610 et
1875 4569 1947 4630 per·

290 4643 395 4708 mixta
417 4649 502 4708 esset
524 4666 563 4710 ex
587 4647 807 4728 praesentium
832 4648 864 4711 in
888 4647 937 4713 -io
960 4647 1177 4714 desinentium
1202 4657 1312 4716 uetere
1335 4651 1493 4734 positione
1516 4656 1550 4714 et
1572 4648 1824 4714 denominatiuis
1846 4651 1879 4713 in
1903 4657 1947 4714 -io

290 4745 524 4822 desinentibus,
557 4745 627 4811 fieri
656 4769 719 4812 non
742 4749 850 4830 potuit
873 4751 961 4832 quim
985 4750 1097 4833 stirpis
1119 4757 1132 4814 i
1153 4751 1396 4833 produceretur,
1419 4749 1512 4814 cuius
1537 4749 1705 4831 longitudo
1728 4749 1824 4816 facile
1846 4773 1946 4834 appa-

289 4853 340 4913 ret
363 4847 419 4912 nbi
442 4847 547 4930 ipsum
571 4869 629 4929 per
652 4870 685 4914 se
708 4855 828 4926 exstat,
852 4837 1060 4918 nofflditis
1081 4853 1147 4918 illis
1169 4853 1325 4920 thematis
1339 4850 1516 4928 uocalibuS,
1532 4851 1658 4916 infinite
1673 4855 1813 4936 utroque
1829 4875 1947 4934 genere

289 4951 419 5017 audi-re
452 4949 604 5014 ad-ori-ri
639 4951 750 5030 (aliter
784 4952 925 5037 ‘cupi-se
953 4956 1110 5037 supe-re),
1132 4957 1209 5021 item
1232 4955 1340 5020 actiuo
1362 4973 1479 5035 genere
1501 4952 1637 5024 audi-ui,
1662 4953 1701 5019 de
1724 4976 1788 5037 quo
1810 4955 1946 5038 perfecti
2007 4951 2013 4958 ’

288 5053 408 5118 indicio
442 5059 672 5118 commemorat
695 5051 834 5118 Mahlow
856 5065 877 5118 a
899 5067 917 5120 e
939 5067 957 5122 o
980 5080 1011 5141 p.
1037 5057 1074 5122 13
1098 5079 1145 5142 sq.
1189 5057 1232 5124 Et
1264 5055 1336 5121 Osci
1359 5055 1457 5120 huius
1480 5056 1719 5138 coniugationis
1741 5059 1946 5124 coniunctiuo

290 5153 384 5219 modo
418 5153 554 5220 eandem
589 5154 701 5236 stirpis
733 5153 970 5238 longitudinem
994 5158 1212 5242 usurpabant:
1235 5159 1378 5242 putiians
1399 5159 1528 5242 putiiad
1552 5159 1601 5225 50.
1625 5160 1654 5223 6.
1679 5163 1707 5224 7.
1731 5163 1759 5224 8.
1783 5159 1837 5225 Ζι.
1860 5161 1885 5225 Ι.
1908 5160 1944 5227 0.
