4694 6114
935 1789 1300 1906 Excursus
1335 1787 1379 1905 I.

1017 2027 1065 2094 ds
1091 2027 1183 2094 Iano
1209 2025 1309 2092 Sole.

415 2201 689 2282 Antiquissimum
720 2205 760 2268 de
783 2205 862 2270 Iano
885 2208 1104 2272 testimonium
1129 2215 1178 2273 est
1201 2208 1351 2272 Lutatii
1375 2207 1603 2290 Daphnidis,
1632 2207 1687 2289 qui
1710 2206 1847 2271 libertus
1869 2207 1932 2272 fuit
1947 2208 1982 2285 Q.

326 2301 448 2382 Catuli,
481 2305 551 2368 eius
582 2306 638 2386 qui
662 2325 681 2369 a
703 2303 738 2369 Ο.
763 2305 869 2372 Mario
891 2317 1028 2375 mortem
1051 2311 1112 2374 sibi
1135 2311 1203 2394 ipse
1227 2311 1425 2374 consciscere
1448 2315 1498 2374 est
1520 2314 1661 2374 coactus.
1705 2309 1739 2374 Is
1761 2297 1909 2392 Daphnis
1931 2309 1983 2375 Ia·

327 2427 404 2473 uum
428 2405 533 2473 Solem
557 2427 625 2472 esso
648 2407 743 2472 dixit.
755 2409 867 2474 Ioann.
881 2410 960 2495 Lyd.
973 2411 1014 2476 de
1027 2433 1125 2478 mens.
1138 2411 1216 2476 1111.
1230 2413 1259 2476 2.
1272 2435 1302 2496 p.
1316 2414 1355 2476 52
1368 2411 1394 2475 Β
1406 2413 1452 2495 (p.
1469 2413 1508 2478 14
1520 2411 1538 2474 8
1552 2409 1596 2494 R)
1613 2407 1695 2492 ‘'Oye
1715 2407 1778 2495 μὴν
1790 2409 1983 2486 Λουτάτιος

316 2509 436 2576 Ἥλιον
471 2509 556 2594 (scil.
592 2504 696 2573 Ἰανὸν
733 2500 817 2574 εἶναι
856 2507 995 2594 νομίζει)
1031 2511 1122 2600 παρὰ
1158 2513 1198 2576 τὸ
1237 2507 1285 2600 ἐφ’
1325 2509 1479 2594 ἑκατέρας
1515 2510 1620 2598 πύλης
1661 2503 1784 2594 ἄρχειν,
1825 2508 1984 2598 ἀνατολῆς

325 2609 406 2690 ἴσως
437 2609 493 2675 καὶ
527 2611 659 2686 δύσεως.
747 2611 824 2677 Ροι1
857 2634 930 2678 eum
964 2612 1147 2698 Nigidius
1181 2615 1345 2699 Figulus
1379 2635 1430 2697 ap.
1465 2613 1605 2679 Macrob.
1639 2613 1669 2679 S.
1703 2613 1773 2678 19.
1796 2615 1815 2679 8
1842 2613 1980 2682 latinum
2061 2657 2066 2666 -

324 2717 439 2782 Ianum
463 2713 601 2779 eundem
624 2735 693 2782 esse
715 2714 822 2779 uoluit
843 2721 943 2798 atque
966 2739 1118 2798 graecum
1145 2718 1338 2801 Apollinem.
1383 2715 1446 2781 Pro
1468 2715 1541 2782 Sole
1554 2717 1671 2782 Ianum
1685 2715 1981 2781 habueruntetiam

324 2819 448 2904 physici
482 2815 535 2882 uel
558 2817 742 2900 platonicae
764 2822 871 2882 sectae
895 2819 948 2884 uel
971 2821 1103 2900 stoicae,
1125 2825 1163 2884 ut
1186 2819 1228 2883 M.
1253 2816 1439 2884 Messalla
1462 2839 1513 2902 ap.
1538 2817 1680 2882 Macrob.
1705 2817 1726 2882 S
1748 2817 1776 2881 Ι.
1800 2820 1828 2890 9.
1852 2819 1903 2890 14,
1926 2838 1981 2881 cn·

323 2925 375 2988 ius
396 2921 509 3000 uerba,
532 2942 604 2986 cum
627 2920 668 2984 ad
692 2919 834 2986 alterum
857 2941 1029 2987 excursum
1053 2943 1242 3008 peruenere,
1266 2919 1451 3006 explicab03
1468 2926 1506 2986 ut
1528 2917 1778 2997 lamblichus,
1801 2919 1871 2983 siue
1894 2917 1979 2982 alius

321 3024 386 3090 luit
419 3023 612 3106 platonicus,
638 3024 730 3088 cuius
763 3023 946 3090 doctrinam
981 3025 1137 3092 Macrobii
1160 3031 1275 3091 auctor
1297 3047 1349 3108 ap.
1375 3023 1478 3088 Macr.
1512 3019 1544 3087 S.
1568 3021 1594 3085 Ι.
1617 3022 1645 3085 9.
1669 3023 1709 3084 16
1734 3019 1836 3085 latine
1860 3019 1979 3084 reddit.

323 3127 365 3190 Hi
389 3125 488 3192 solem
511 3124 623 3189 mundi
646 3130 806 3190 rectorem
830 3147 898 3192 esse
921 3128 1092 3210 putabant.
1136 3128 1227 3194 luter
1250 3127 1445 3193 recentiores
1468 3123 1573 3190 Solem
1596 3123 1638 3188 ab
1660 3122 1896 3206 antiquissimis
1914 3121 1979 3186 Ro-

322 3230 426 3294 manis
457 3227 574 3292 Ianum
607 3247 675 3292 esse
709 3227 857 3293 habitum
890 3237 1008 3312 putant
1030 3229 1211 3296 Buttmann
1235 3231 1306 3295 hot.
1330 3229 1385 3294 Ac.
1409 3226 1551 3292 Beroliu.
1575 3225 1740 3290 1816--11
1765 3247 1796 3309 p.
1821 3225 1879 3288 161
1904 3244 1973 3307 sqq.

322 3333 380 3416 (z
402 3329 537 3416 Mythol.
561 3329 595 3394 II
617 3329 659 3393 10
681 3331 780 3414 sqq),
803 3329 955 3396 Gerhard
966 3330 1040 3397 Ges.
1055 3329 1217 3396 Abhandl.
1230 3331 1256 3394 Ι.
1270 3331 1342 3410 311,
1364 3327 1491 3395 Preller
1503 3327 1654 3412 Mythol.³
1667 3327 1685 3390 I
1698 3329 1757 3390 161
1771 3347 1842 3410 sqq.
1860 3325 1981 3391 Iordan

322 3434 393 3499 Btr.
416 3455 447 3516 p.
471 3433 543 3497 224.

406 3535 491 3599 Huic
514 3535 695 3600 sententiae
728 3533 867 3599 finitima
903 3540 953 3600 est
974 3556 1103 3600 eorum
1127 3537 1373 3616 antiquorum
1398 3531 1463 3617 qui
1486 3532 1604 3598 Ianum
1627 3530 1765 3597 eundem
1788 3551 1857 3596 esse
1880 3537 1981 3613 atque

322 3637 427 3704 Solem
451 3643 484 3701 et
507 3636 632 3701 Lunam
655 3636 807 3702 dicebant
830 3642 863 3702 et
885 3636 918 3700 in
943 3635 1002 3701 hoc
1025 3657 1090 3700 uno
1112 3645 1289 3720 utrumque
1312 3636 1452 3719 exprimi
1476 3655 1594 3699 numen
1616 3632 1774 3712 (Macrob.
1798 3633 1828 3699 S.
1853 3634 1880 3697 Ι.
1897 3636 1979 3716 91)Ἰ

294 3795 297 3802 .
321 3741 414 3806 Inter
450 3739 648 3804 recentiores
670 3737 814 3820 Georges
837 3736 915 3804 lex.⁷
940 3758 964 3802 s.
988 3759 1019 3802 u.
1063 3737 1242 3820 Boettigeri
1265 3737 1456 3802 auctoritati
1479 3756 1512 3801 se
1535 3734 1703 3819 applicans
1724 3733 1798 3800 lani
1823 3735 1975 3801 bifrontis

322 3844 407 3908 hanc
441 3840 604 3924 duplicem
633 3861 702 3906 esse
735 3845 932 3924 potestatem
966 3839 1055 3904 dicit.
1110 3838 1203 3916 Quod
1227 3839 1399 3922 quominus
1421 3837 1552 3922 probem
1575 3857 1674 3902 causa
1696 3836 1854 3920 estquod
1878 3837 1979 3902 Ianus

321 3952 498 4026 utrumque
521 3963 556 4008 os
579 3945 665 4026 gerit
687 3942 793 4026 uirile,
817 3944 912 4008 Luna
934 3943 1088 4009 Romanis
1110 3963 1237 4026 semper
1259 3947 1332 4008 erat
1355 3942 1424 4007 dea.

406 4045 489 4110 Sunt
511 4045 567 4126 qui
589 4052 705 4127 putent
727 4045 845 4110 Ianum
870 4046 950 4112 nihil
974 4045 1063 4111 aliud
1087 4067 1155 4111 esse
1179 4065 1277 4128 quam
1300 4046 1395 4111 deum
1419 4050 1587 4128 portarum
1601 4049 1634 4109 et
1646 4044 1887 4128 principiorum.
1926 4045 1980 4109 In·

320 4157 371 4216 ter
393 4153 546 4232 antiquos
568 4148 699 4213 nomino
721 4146 960 4228 Ciceronem,
983 4151 1075 4214 ouius
1097 4149 1136 4213 de
1158 4149 1221 4214 hac
1243 4169 1279 4213 re
1302 4149 1404 4212 uerba
1426 4152 1503 4212 sunt
1525 4144 1565 4209 N.
1588 4145 1626 4210 D.
1650 4145 1684 4210 11
1706 4145 1724 4230 ξ
1747 4147 1798 4224 61,
1821 4147 1907 4210 inter
1931 4165 1979 4213 re·

320 4253 480 4317 centiores
502 4247 577 4314 chr.
601 4248 764 4328 Gauallin,
787 4250 880 4316 lexic.
905 4274 929 4316 s.
954 4273 985 4316 u.
1008 4261 1040 4315 et
1063 4251 1120 4316 Th.
1146 4251 1322 4316 Mommsen
1345 4250 1430 4314 Hist.
1454 4249 1560 4315 Rom.⁷
1586 4247 1614 4312 Ι.
1627 4251 1688 4313 165
1701 4270 1775 4314 aun.
1809 4247 1895 4312 Huic
1906 4267 1978 4312 sen·

320 4351 673 4436 tentiaejooniunctum
696 4353 854 4435 estquod
882 4352 962 4416 dicit
984 4352 1019 4416 C.
1042 4353 1077 4416 Ο.
1102 4352 1241 4418 Mueller
1265 4353 1347 4417 Etr.¹
1375 4351 1426 4418 111
1449 4373 1479 4436 p.
1504 4351 1544 4416 58
1566 4357 1731 4416 etruscum
1755 4350 1874 4414 Ianum
1897 4369 1978 4431 qua·

320 4455 511 4520 drifrnutem
535 4453 588 4518 uel
609 4451 741 4518 Caelum
764 4462 798 4518 et
819 4475 987 4520 romanum
1000 4465 1168 4539 portarurn
1185 4456 1281 4521 deum
1292 4457 1379 4521 inter
1391 4477 1424 4520 se
1436 4455 1587 4520 confusos
1599 4453 1712 4519 esseiu
1726 4452 1821 4516 unius
1834 4452 1979 4516 numinis

321 4561 525 4641 potestatem.
616 4576 620 4586 ·

404 4657 527 4735 Chaos,
552 4664 590 4720 ut
612 4657 753 4722 omnium
777 4659 929 4740 primurn,
952 4659 1037 4743 quod
1060 4659 1141 4724 dicit
1166 4659 1323 4725 Hesiodus
1345 4659 1464 4743 lheog.
1492 4659 1559 4737 116,
1582 4657 1698 4721 Ianum
1722 4675 1801 4734 esse,
1824 4655 1977 4740 principi·

315 4781 416 4828 orum
439 4779 480 4842 po
482 4763 600 4824 ttestae
568 4759 664 4824 tad
688 4759 853 4843 physicam
876 4761 1035 4826 rationem
1059 4762 1222 4843 traducta
1177 4767 1408 4845 tputarunt
1425 4760 1585 4824 Verrius
1602 4757 1770 4823 llaccus
1765 4779 1828 4841 ap.
1841 4755 1978 4822 Paulum

318 4861 406 4928 Festi
441 4883 471 4944 p.
507 4863 545 4924 52
569 4859 787 4926 etOuidius
810 4861 897 4926 Fast.
921 4861 1032 4928 1103.
1077 4861 1185 4926 Etiam
1211 4863 1369 4927 fuerunt
1392 4867 1476 4927 teste
1499 4860 1613 4926 Seruio
1636 4859 1678 4924 ad
1702 4859 1780 4924 Asu.
1808 4859 1880 4922 VII.
1903 4863 1975 4940 610,

319 4967 374 5048 qui
397 4963 516 5028 Ianum
540 4963 581 5026 ab
605 4962 710 5027 eundo
734 4963 802 5027 dict
788 4969 855 5028 tum
881 4985 952 5028 cum
978 4963 1085 5028 Marte
1107 4962 1255 5028 Gradiuo
1278 4963 1528 5041 confunderent3
1552 4961 1584 5026 hi
1607 4961 1735 5026 ratione
1758 4981 1834 5026 sane
1852 4964 1978 5027 nonita

319 5067 464 5132 absurda
497 5065 546 5128 usi
569 5070 654 5141 sunt,
678 5066 756 5148 quia
778 5085 880 5148 aeque
905 5065 1025 5131 licebat
1052 5065 1240 5129 existimare
1263 5065 1438 5138 Ianum,
1414 5087 1440 5129 si
1463 5069 1538 5130 erat
1560 5063 1625 5135 Sol,
1649 5085 1687 5129 ac
1715 5063 1976 5130 Melkarth·Her·

318 5169 424 5235 culam
452 5165 561 5236 Marti.
586 5167 672 5230 ueris
695 5167 765 5246 deo,
787 5168 993 5240 coniunctum
1017 5171 1180 5250 potestate
1203 5171 1303 5248 atque
1325 5173 1510 5250 cognatum.
