4694 6114
1126 565 1165 630 53

316 759 351 796 ca
373 737 494 797 numina
517 737 629 816 quibus
651 736 758 796 Tatius
780 737 890 796 Rornae
913 757 998 798 sacra
1019 757 1148 816 arasque
1171 745 1307 797 uoueret.
1329 773 1372 784 —
1394 739 1426 799 C.
1450 737 1484 796 Ο.
1507 738 1639 800 Mueller
1661 737 1729 798 Etr.
1753 737 1782 796 II
1804 735 1846 798 64
1868 743 1898 796 et
1921 735 1975 796 Th.

317 838 485 901 Mommsen
511 838 575 898 Unt
604 837 683 900 Dial.
708 833 767 900 351
791 839 896 898 dicunt
918 839 1073 905 duodecim
1096 841 1166 899 deos
1189 839 1255 898 illos
1279 839 1370 898 fuisse
1393 839 1504 918 quibus
1527 861 1545 898 a
1567 839 1654 900 Tatio
1677 859 1747 898 arae
1770 838 1887 898 dicatae
1908 839 1977 899 sint.

316 942 402 1018 Quod
435 963 469 1000 eo
502 942 601 1002 minus
629 941 708 1000 ratio
731 943 813 1018 cogit
836 942 917 1020 quod
940 963 999 1002 non
1022 941 1109 1002 modo
1131 962 1191 1004 non
1214 941 1348 1000 uniuersi
1372 941 1422 998 scd
1447 961 1483 1000 nc
1504 942 1609 1020 plures
1632 941 1751 1018 quidem
1774 939 1886 1018 singuli
1908 947 1978 999 sunt

318 1044 409 1103 iidem
431 1043 483 1120 qni
506 1044 537 1102 di
559 1043 722 1102 Consentes
746 1043 920 1104 Tuscorum.
1662 1099 1666 1106 ,
1853 1023 1857 1034 ’

403 1143 582 1226 Antiquunr
618 1143 701 1208 Solis
735 1144 891 1227 templum
926 1145 990 1208 fuit
1017 1143 1059 1210 ad
1082 1143 1218 1221 Quirini,
1243 1145 1298 1226 qui
1320 1143 1388 1228 ipsc
1412 1143 1552 1208 Sabinus
1574 1141 1684 1207 fuerat
1706 1142 1797 1207 deus.
1841 1139 1914 1206 Nisi
1937 1139 1978 1206 <ie

318 1246 478 1312 Palatinis
500 1251 600 1329 atque
622 1245 757 1312 Collinis
780 1247 876 1313 Saliis
899 1249 1054 1314 memoria
1076 1253 1162 1312 essct
1183 1247 1320 1312 obscura
1338 1251 1371 1311 ct
1386 1247 1490 1330 magis
1506 1245 1700 1330 perturbata
1716 1266 1814 1328 quam
1831 1249 1867 1308 ut
1883 1243 1977 1326 quid·

317 1371 416 1433 quam
449 1351 530 1414 certi
563 1349 602 1414 de
637 1351 676 1415 iia
710 1351 879 1430 coniectes,
902 1351 1086 1434 suspicarer
1109 1351 1142 1414 in
1165 1351 1205 1414 iis
1228 1369 1309 1433 quas
1333 1348 1418 1414 edidi
1441 1367 1593 1414 uersuum
1619 1346 1803 1412 Ianulorurn
1829 1345 1978 1429 reliquiis

318 1452 476 1518 traditam
500 1452 672 1535 utriusque
695 1452 823 1536 collegii
847 1453 966 1518 famam
990 1453 1107 1518 inesse.

361 1629 364 1632 ,
404 1552 521 1618 Postea
544 1552 701 1635 paulatim
726 1553 848 1619 latinus
871 1553 928 1618 Sol
950 1559 984 1618 et
1005 1551 1275 1636 graecus‘auog
1296 1552 1421 1617 confusi
1444 1559 1529 1617 sunt.

403 1653 482 1720 Cum
519 1655 589 1720 lani
623 1655 730 1721 iubari
765 1661 913 1721 uetustas
945 1655 1115 1722 offudisset
1140 1655 1302 1734 nebulam,
1327 1661 1435 1720 tamen
1459 1655 1628 1719 initiorum
1653 1655 1772 1720 mansit
1794 1653 1884 1732 deus,
1908 1654 1977 1720 siue

315 1759 388 1842 quis
410 1779 530 1824 annum
554 1761 612 1822 aut
634 1757 719 1823 diem
742 1759 949 1824 caerimoniis
969 1759 1202 1842 auspicabatur
1224 1760 1293 1823 siue
1316 1759 1450 1824 deorum
1473 1778 1567 1840 opem
1590 1757 1802 1843 implorabat3
1826 1755 1977 1822 custodia

319 1860 431 1926 mundi
448 1861 702 1943 ¹circumscripta
724 1867 774 1926 est
796 1861 847 1925 his
869 1860 994 1928 duobus
1016 1861 1141 1943 officiis,
1165 1883 1247 1945 quae
1271 1864 1356 1928 tueri
1379 1883 1451 1929 cum
1475 1862 1584 1946 populi
1608 1861 1733 1926 romani
1756 1865 1790 1924 et
1811 1859 1976 1924 hominum

319 1983 526 2027 romanorum
560 1963 699 2026 maxime
734 1962 901 2038 intererat,
929 1968 966 2026 ut
988 1968 1097 2028 custos
1120 1969 1205 2028 esset
1228 1961 1305 2029 belli
1339 1966 1492 2048 pacisque
1526 1971 1624 2047 atque
1658 1961 1866 2046 utprecibus
1889 1961 1975 2025 uiam

319 2065 361 2130 ad
395 2064 471 2130 deos
497 2066 651 2146 aperiret.
697 2065 788 2130 Hanc
810 2068 895 2130 enim
921 2071 1092 2150 utramque
1114 2067 1154 2132 de
1177 2087 1214 2132 eo
1237 2065 1357 2133 famam
1390 2068 1488 2132 etiam
1516 2066 1698 2150 principum
1725 2064 1895 2130 dominatu
1922 2063 1976 2128 ob-

320 2169 457 2235 tinuisse
480 2173 580 2236 testos
603 2176 678 2235 sunt
701 2169 830 2236 illorum
854 2177 1036 2254 temporum
1060 2172 1245 2254 scriptores.
